<html lang="nl" data-dss-animation="true" translate="no" class="js-focus-visible" data-js-focus-visible=""><head><meta name="next-head-count" content="0"><link data-rh="true" rel="canonical" href="https://www.thuisbezorgd.nl/menu/eethuis-peris"><link data-rh="true" rel="alternate" hreflang="x-default" href="https://www.thuisbezorgd.nl/menu/eethuis-peris"><link data-rh="true" rel="alternate" hreflang="nl-nl" href="https://www.thuisbezorgd.nl/menu/eethuis-peris"><link data-rh="true" rel="alternate" hreflang="en-nl" href="https://www.thuisbezorgd.nl/en/menu/eethuis-peris"><link data-rh="true" rel="alternate" hreflang="de-nl" href="https://www.thuisbezorgd.nl/de/speisekarte/eethuis-peris"><link data-rh="true" rel="alternate" hreflang="fr-nl" href="https://www.thuisbezorgd.nl/fr/menu/eethuis-peris"><link data-rh="true" rel="alternate" hreflang="pl-nl" href="https://www.thuisbezorgd.nl/pl/menu/eethuis-peris"><link data-rh="true" rel="alternate" hreflang="da-nl" href="https://www.thuisbezorgd.nl/da/menu/eethuis-peris"><link data-rh="true" rel="alternate" hreflang="bg-nl" href="https://www.thuisbezorgd.nl/bg/menu/eethuis-peris"><link data-rh="true" rel="alternate" hreflang="it-nl" href="https://www.thuisbezorgd.nl/it/menu/eethuis-peris"><link data-rh="true" rel="alternate" href="undefined/restaurant/eethuis-peris/menu"><meta data-rh="true" name="description" content="Bestel online bij Pideci Almere in Almere via Thuisbezorgd.nl. Food TrackerÂ® en diverse betaalmogelijkheden. Snel en gemakkelijk thuisbezorgd bij jou!"><meta data-rh="true" name="viewport" content="initial-scale=1.0, width=device-width"><meta data-rh="true" charset="utf-8"><meta data-rh="true" name="referrer" content="strict-origin"><script async="" type="text/javascript" src="//analytics.api.justeattakeaway.com/js/4.1.0/sp.lite.js"></script><script type="text/javascript" async="" src="https://www.googletagmanager.com/gtag/js?id=G-4PH28YDTSD&amp;cx=c&amp;gtm=45He55l1h1v9175636543za200&amp;tag_exp=101509157~103116026~103130498~103130500~103200004~103233427~103252644~103252646~103301114~103301116~104481633~104481635"></script><title>Pideci Almere Almere - Online bestellen | Thuisbezorgd.nl</title><link rel="preload" href="/consumer-web/fonts/JETSansDigital-Regular-optimised-extended.woff2" as="font" type="font/woff2" crossorigin="anonymous"><link rel="preload" href="/consumer-web/fonts/JETSansDigital-Bold-optimised-extended.woff2" as="font" type="font/woff2" crossorigin="anonymous"><link rel="preload" href="/consumer-web/fonts/JETSansDigital-ExtraBold-optimised-extended.woff2" as="font" type="font/woff2" crossorigin="anonymous"><link rel="preload" href="/consumer-web/fonts/JETSansVF2-phase1-optimised-extended.woff2" as="font" type="font/woff2" crossorigin="anonymous"><link rel="icon" type="image/x-icon" href="/consumer-web/root-static/favicon.ico?version=1"><link rel="apple-touch-icon" sizes="180x180" href="/consumer-web/root-static/apple-touch-icon.png?version=1"><link rel="icon" type="image/png" sizes="32x32" href="/consumer-web/root-static/favicon-32x32.png?version=1"><link rel="icon" type="image/png" sizes="16x16" href="/consumer-web/root-static/favicon-16x16.png?version=1"><link rel="mask-icon" href="/consumer-web/root-static/safari-pinned-tab.svg?version=1" color="#f36805"><meta name="msapplication-TileColor" content="var(--xds-color-content-brand)"><meta name="theme-color" content="var(--xds-color-content-brand)"><script nomodule="" src="/consumer-web/root-static/shadydom.js"></script><link rel="preconnect" href="https://menu-globalmenucdn.justeat-int.com"><link rel="dns-prefetch" href="https://menu-globalmenucdn.justeat-int.com"><link rel="preload" href="/consumer-web/app/12/_next/static/css/109fd44e16d42449.css" as="style"><link rel="stylesheet" href="/consumer-web/app/12/_next/static/css/109fd44e16d42449.css" data-n-g=""><link rel="preload" href="/consumer-web/app/12/_next/static/css/a427120555240ef7.css" as="style"><link rel="stylesheet" href="/consumer-web/app/12/_next/static/css/a427120555240ef7.css" data-n-g=""><link rel="preload" href="/consumer-web/app/12/_next/static/css/5d1e76abc5b96f82.css" as="style"><link rel="stylesheet" href="/consumer-web/app/12/_next/static/css/5d1e76abc5b96f82.css" data-n-p=""><link rel="preload" href="/consumer-web/app/12/_next/static/css/a617ffe146f24ef1.css" as="style"><link rel="stylesheet" href="/consumer-web/app/12/_next/static/css/a617ffe146f24ef1.css" data-n-p=""><link rel="preload" href="/consumer-web/app/12/_next/static/css/fd7a0755e8190b68.css" as="style"><link rel="stylesheet" href="/consumer-web/app/12/_next/static/css/fd7a0755e8190b68.css" data-n-p=""><link rel="preload" href="/consumer-web/app/12/_next/static/css/5ed5d1726e93ac8a.css" as="style"><link rel="stylesheet" href="/consumer-web/app/12/_next/static/css/5ed5d1726e93ac8a.css" data-n-p=""><link rel="preload" href="/consumer-web/app/12/_next/static/css/b5c3d1212b5949b7.css" as="style"><link rel="stylesheet" href="/consumer-web/app/12/_next/static/css/b5c3d1212b5949b7.css" data-n-p=""><noscript data-n-css=""></noscript><script defer="" nomodule="" src="/consumer-web/app/12/_next/static/chunks/polyfills-42372ed130431b0a.js"></script><script defer="" src="/consumer-web/app/12/_next/static/chunks/group-order-modals.ef06b412758c0f5e.js"></script><script src="/consumer-web/app/12/_next/static/chunks/webpack-33a3f9a752cc02af.js" defer=""></script><script src="/consumer-web/app/12/_next/static/chunks/vendors_next-3763d4eefcea4b7f.js" defer=""></script><script src="/consumer-web/app/12/_next/static/chunks/framework-909386da93a5aefa.js" defer=""></script><script src="/consumer-web/app/12/_next/static/chunks/main-bd0602199b955d84.js" defer=""></script><script src="/consumer-web/app/12/_next/static/chunks/core-9f21dc0e07b48fef.js" defer=""></script><script src="/consumer-web/app/12/_next/static/chunks/design-system-9942fc81ee377d8a.js" defer=""></script><script src="/consumer-web/app/12/_next/static/chunks/vendors_common-f92e9841d83781e6.js" defer=""></script><script src="/consumer-web/app/12/_next/static/chunks/react-icons-cd6d61dce25ae523.js" defer=""></script><script src="/consumer-web/app/12/_next/static/chunks/pages/_app-28b8b11246b95bf7.js" defer=""></script><script src="/consumer-web/app/12/_next/static/chunks/70049-2915c93c5d4c9589.js" defer=""></script><script src="/consumer-web/app/12/_next/static/chunks/73715-a163643de6d9f5b4.js" defer=""></script><script src="/consumer-web/app/12/_next/static/chunks/20966-9de34916b56867c8.js" defer=""></script><script src="/consumer-web/app/12/_next/static/chunks/94493-edc35deef08331a4.js" defer=""></script><script src="/consumer-web/app/12/_next/static/chunks/55545-6dedb0e581377b93.js" defer=""></script><script src="/consumer-web/app/12/_next/static/chunks/22938-82ccdefeb5ac3fa5.js" defer=""></script><script src="/consumer-web/app/12/_next/static/chunks/15829-dbba761d6a6f1a82.js" defer=""></script><script src="/consumer-web/app/12/_next/static/chunks/20032-6bdf42ea477e274a.js" defer=""></script><script src="/consumer-web/app/12/_next/static/chunks/67986-c6b4d4698f8262e2.js" defer=""></script><script src="/consumer-web/app/12/_next/static/chunks/10762-0d2c4e4f7c3742c8.js" defer=""></script><script src="/consumer-web/app/12/_next/static/chunks/4695-cacff689bb1e35b7.js" defer=""></script><script src="/consumer-web/app/12/_next/static/chunks/72633-1772f99fef44a16c.js" defer=""></script><script src="/consumer-web/app/12/_next/static/chunks/72398-2de3194c89e35cce.js" defer=""></script><script src="/consumer-web/app/12/_next/static/chunks/12522-d8a86690231e4cfb.js" defer=""></script><script src="/consumer-web/app/12/_next/static/chunks/pages/menu-7d0b37fddcc50d49.js" defer=""></script><script src="/consumer-web/app/12/_next/static/7gIeIW5UH9qYzEnfU17gN/_buildManifest.js" defer=""></script><script src="/consumer-web/app/12/_next/static/7gIeIW5UH9qYzEnfU17gN/_ssgManifest.js" defer=""></script><link rel="prefetch" as="script" href="/consumer-web/app/12/_next/static/chunks/checkout-sidebar.e7404b60a43365cc.js"><link rel="stylesheet" type="text/css" href="/consumer-web/app/12/_next/static/css/fba70ec1af8886cc.css"><style type="text/css" nonce="302af10c4aeb" media="print">.usabilla_live_button_container { display: none; }</style><style type="text/css" nonce="302af10c4aeb">iframe.usabilla-live-button#usabilla_live_button_container_iframe117817944{width:36px;height:102px;margin: 0;padding: 0;border: 0;overflow: hidden;z-index: 9998;position: absolute;left: 0;top: 0;box-shadow: 0 0 0;background-color: transparent;}</style><style type="text/css" nonce="1a5115c9e7f9" media="print">.usabilla_live_button_container { display: none; }</style><style type="text/css" nonce="1a5115c9e7f9">iframe.usabilla-live-button#usabilla_live_button_container_iframe985557491{width:0px;height:0px;margin: 0;padding: 0;border: 0;overflow: hidden;z-index: 9998;position: absolute;left: 0;top: 0;box-shadow: 0 0 0;background-color: transparent;}</style><script type="application/ld+json" data-rh="true">{
  "@context": "https://schema.org",
  "@id": "https://www.thuisbezorgd.nl/menu/eethuis-peris",
  "@type": "Restaurant",
  "address": {
    "@type": "PostalAddress",
    "addressCountry": "Netherlands",
    "addressLocality": "Almere",
    "addressRegion": "Almere",
    "postalCode": "1315AN",
    "streetAddress": "Zadelmakerstraat 51"
  },
  "aggregateRating": {
    "@type": "AggregateRating",
    "ratingValue": 4.3,
    "reviewCount": 336
  },
  "description": "",
  "geo": {
    "@type": "GeoCoordinates",
    "latitude": 52.368397,
    "longitude": 5.21626
  },
  "image": "https://res.cloudinary.com/tkwy-prod-eu/image/upload/c_pad,h_100,w_100/v1747642038/static-takeaway-com/images/restaurants/nl/OQ7ORON1/logo_465x320.png",
  "name": "Pideci Almere",
  "openingHours": [
    "Su-Sa 12:00-23:45"
  ],
  "servesCuisine": [],
  "url": "https://www.thuisbezorgd.nl/menu/eethuis-peris",
  "potentialAction": {
    "@type": "OrderAction",
    "target": {
      "@type": "EntryPoint",
      "urlTemplate": "https://www.thuisbezorgd.nl/menu/eethuis-peris?utm_campaign=foodorder&utm_medium=organic&utm_source=google",
      "actionPlatform": [
        "https://schema.org/DesktopWebPlatform",
        "https://schema.org/MobileWebPlatform"
      ],
      "inLanguage": "nl"
    },
    "deliveryMethod": [
      "https://purl.org/goodrelations/v1#DeliveryModeOwnFleet"
    ],
    "priceSpecification": {
      "@type": "DeliveryChargeSpecification",
      "appliesToDeliveryMethod": "https://purl.org/goodrelations/v1#DeliveryModeOwnFleet",
      "priceCurrency": "EUR",
      "price": 0,
      "eligibleTransactionVolume": {
        "@type": "PriceSpecification",
        "priceCurrency": "EUR",
        "price": 0
      }
    }
  },
  "reviews": []
}</script></head><body><div id="lightningjs-usabilla_live2" style="display: none;"><div><iframe frameborder="0" id="lightningjs-frame-usabilla_live2"></iframe></div></div><div id="lightningjs-usabilla_live" style="display: none;"><div><iframe frameborder="0" id="lightningjs-frame-usabilla_live"></iframe></div></div><div id="ad-detector" style="position:fixed"><div class="adsbygoogle adscontainer" style="width:1px"></div></div><div id="__next"><div id="root" class="page-style___content-full__9pDDd page-style___has-sidebar__yZw3s"><div id="page"><a class="vU6C4" href="#main-content" tabindex="0" data-qa="skip-link">Overslaan naar hoofdinhoud</a><div class="auto-language-banner-style_wrapper__5pBo_"><div class="_1sMed _1wlHd _2cDMI _1pNnl auto-language-banner-style_content__0DzeA" data-qa="auto-language-banner-body"><div data-qa="flex-item"><svg xmlns="http://www.w3.org/2000/svg" role="presentation" focusable="false" fill="currentColor" viewBox="0 0 16 16" class="c-pieIcon c-pieIcon--language auto-language-banner-style_languageIcon__5bwbe" width="24" height="24"><path d="M14.946 7.08c0-.264-.09-.518-.145-.772a7.053 7.053 0 0 0-2.282-3.667A7.015 7.015 0 0 0 8.534 1H7.475a7.005 7.005 0 0 0-3.674 1.387 7.039 7.039 0 0 0-2.358 3.15c-.081.236-.163.48-.226.735a7.28 7.28 0 0 0-.145.77c-.045.301-.07.604-.072.908.001.304.025.607.072.907.024.288.07.573.136.853a7.044 7.044 0 0 0 2.285 3.657A7.006 7.006 0 0 0 7.475 15H8.534a6.986 6.986 0 0 0 3.676-1.384 7.021 7.021 0 0 0 2.356-3.153 6.33 6.33 0 0 0 .226-.753c.063-.254.111-.511.145-.77.039-.302.06-.605.063-.908a7.96 7.96 0 0 0-.054-.953Zm-2.09-1.96a22.505 22.505 0 0 0-2.052-.336A9.88 9.88 0 0 0 9.8 2.634a5.647 5.647 0 0 1 3.057 2.485ZM8 2.451a8.77 8.77 0 0 1 1.311 2.195 25.118 25.118 0 0 0-2.613 0A8.734 8.734 0 0 1 8 2.452Zm-1.809.172c-.4.68-.722 1.405-.958 2.16-.688.081-1.366.19-2.044.326a5.675 5.675 0 0 1 3.02-2.477l-.018-.009ZM2.52 9.33a6.75 6.75 0 0 1-.108-.617v-.045a5.315 5.315 0 0 1 0-.662 5.579 5.579 0 0 1 0-.672c.021-.226.057-.45.108-.671.76-.195 1.53-.35 2.307-.463-.222 1.2-.222 2.43 0 3.63a20.491 20.491 0 0 1-2.307-.5Zm.624 1.552c.688.145 1.375.245 2.062.335.248.762.589 1.49 1.013 2.169a5.729 5.729 0 0 1-3.084-2.504h.01Zm4.866 2.722a8.926 8.926 0 0 1-1.32-2.26H9.32A8.69 8.69 0 0 1 8 13.558l.009.046Zm-1.754-3.63a8.783 8.783 0 0 1 0-3.892c1.164-.09 2.335-.09 3.5 0a8.782 8.782 0 0 1 0 3.874 22.78 22.78 0 0 1-3.51 0l.01.018Zm3.554 3.43c.419-.685.759-1.415 1.013-2.178a22.434 22.434 0 0 0 2.053-.326A5.71 5.71 0 0 1 9.8 13.385l.009.018Zm3.816-4.718v.045c0 .21-.063.418-.108.617-.763.195-1.536.35-2.316.463a10.365 10.365 0 0 0 0-3.584c.777.11 1.547.264 2.307.463 0 .2.09.408.117.617a.12.12 0 0 0 0 .054c.014.22.014.442 0 .663.01.214.007.43-.009.644l.01.018Z"></path></svg></div><div class="_1lcxh" data-qa="flex-item"><div class="_3jA7k _2THKE" data-qa="text">Change language to <b> English</b></div></div><div data-qa="flex-item"><button type="button" class="_908LZ _1bx49 _20B3B _4R7G3 YG2eu _2JFg2 auto-language-banner-style_submitButton__W9pM6" aria-disabled="false" aria-label="Change language to English Continue" aria-live="polite" aria-busy="false" aria-atomic="true" data-qa="auto-language-banner-submit-button"><span class="ygmw2">Continue</span></button></div></div></div><div data-selector-id="app-banner"><div role="separator" class="_3DzJ2" aria-hidden="true" data-qa="divider"><div data-qa="util"><div class="_1aJMN"><hr class="_3oPhm _122wD"></div></div></div></div><header class="_2-V7S _3iBJA" data-qa="header"><div class="OODif"><div class="_3J6Cc"><span class="_9NUh1" role="button" tabindex="0" aria-label="Vind restaurants bij jou in de buurt" data-qa="header-back-button-element"><div class="header-style_logo-content__eErfL" aria-hidden="true"><div class="header-style_back__LY_jz"><svg xmlns="http://www.w3.org/2000/svg" role="presentation" focusable="false" fill="var(--xds-color-interactive-brand)" viewBox="0 0 16 16" class="c-pieIcon c-pieIcon--chevron-left" width="16" height="16"><path d="M10.96 2.82 5.605 8l5.399 5.197-.875.963-5.565-5.364a1.164 1.164 0 0 1 0-1.671l5.495-5.25.901.945Z"></path></svg></div><div class="_1sMed _2JYYu _2cDMI _1pNnl" data-qa="header-logo"><div class="logo-style_img-wrapper__u4xj1" data-qa="header-logo-element"><img class="logo-style_full-img__1ZxeX" src="/consumer-web/images/nl-thuisbezorgd-brand.02ae009d.svg" width="166" height="32" alt="Thuisbezorgd.nl"></div></div></div></span></div><div class="_2f8bI"></div><div class="azghv"><div class="country-and-language-selector-style_country-and-language-selector__hu189" data-qa="header-country-and-language-selector"><div class="ZNGBn FkjUd gbQ69" data-qa="dropdown-dialog"><div class="_2geFc" data-qa="click-away-listener"><div class="CruwK"><span class="_3I0XC _2q6ZP oMHlW" aria-label="Kies land of taal" tabindex="0" role="button" aria-live="polite" aria-busy="false" aria-atomic="true" aria-disabled="false" data-qa="header-country-and-language-selector-action-toggle"><svg xmlns="http://www.w3.org/2000/svg" role="presentation" focusable="false" fill="currentColor" viewBox="0 0 16 16" class="c-pieIcon c-pieIcon--netherlands" width="24" height="24"><path fill="#EEE" d="M8 15A7 7 0 1 0 8 1a7 7 0 0 0 0 14Z"></path><path fill="#A2001D" d="M8 1a7 7 0 0 0-6.563 4.566h13.126A7 7 0 0 0 8 1Z"></path><path fill="#0052B4" d="M8 15a7 7 0 0 0 6.563-4.566H1.437A7 7 0 0 0 8 15Z"></path></svg></span></div><div><div class="_1NBae _2HKor tI9JR IzYO4" data-qa="transition-slide"></div></div></div></div></div><div class="header-style_menu__e8F5O" data-qa="header-menu-button" data-sctrack="header-menu-button"><span class="_3I0XC _2q6ZP oMHlW" aria-label="Mijn account" tabindex="0" role="button" aria-live="polite" aria-busy="false" aria-atomic="true" aria-disabled="false" data-qa="header-menu-button-element"><svg xmlns="http://www.w3.org/2000/svg" role="presentation" focusable="false" fill="currentColor" viewBox="0 0 16 16" class="c-pieIcon c-pieIcon--menu" width="24" height="24"><path d="M15 4.281H1V2.97h14V4.28Zm0 7.438H1v1.312h14V11.72Zm0-4.375H1v1.312h14V7.344Z"></path></svg></span></div></div></div></header><div class="page-style_main__p1kMC"><section class="page-style_content__RR82t page-style___background-container__4OezF page-style___without-background-container__KUoo6"><div class="content-style_visible__CHDRY"><div class="page-heading-styles_head__0f_qK"><div class="restaurant-header-style_restaurant-header__Mpk2S" data-qa="restaurant-header"><div class="mqJMm" data-qa="util"><div class="restaurant-header-style_header-hero__UBVLn restaurant-header-style___is-header-exp-enabled__XVVH8"><picture class="restaurant-header-image-style_hero-image__jx1d5"><source media="(max-width: 374px)" srcset="https://res.cloudinary.com/tkwy-prod-eu/image/upload/c_thumb,w_320,h_166/f_auto/q_auto/dpr_1.0/d_nl:cuisines:turks-eten-8.jpg/v1747642038/static-takeaway-com/images/generic/heroes/511/511_turkish_mediterean_36.jpg 1x, https://res.cloudinary.com/tkwy-prod-eu/image/upload/c_thumb,w_320,h_166/f_auto/q_auto/dpr_2.0/d_nl:cuisines:turks-eten-8.jpg/v1747642038/static-takeaway-com/images/generic/heroes/511/511_turkish_mediterean_36.jpg 2x"><source media="(max-width: 450px)" srcset="https://res.cloudinary.com/tkwy-prod-eu/image/upload/c_thumb,w_375,h_166/f_auto/q_auto/dpr_1.0/d_nl:cuisines:turks-eten-8.jpg/v1747642038/static-takeaway-com/images/generic/heroes/511/511_turkish_mediterean_36.jpg 1x, https://res.cloudinary.com/tkwy-prod-eu/image/upload/c_thumb,w_375,h_166/f_auto/q_auto/dpr_2.0/d_nl:cuisines:turks-eten-8.jpg/v1747642038/static-takeaway-com/images/generic/heroes/511/511_turkish_mediterean_36.jpg 2x"><source media="(max-width: 600px)" srcset="https://res.cloudinary.com/tkwy-prod-eu/image/upload/c_thumb,w_451,h_200/f_auto/q_auto/dpr_1.0/d_nl:cuisines:turks-eten-8.jpg/v1747642038/static-takeaway-com/images/generic/heroes/511/511_turkish_mediterean_36.jpg 1x, https://res.cloudinary.com/tkwy-prod-eu/image/upload/c_thumb,w_451,h_200/f_auto/q_auto/dpr_2.0/d_nl:cuisines:turks-eten-8.jpg/v1747642038/static-takeaway-com/images/generic/heroes/511/511_turkish_mediterean_36.jpg 2x"><source media="(max-width: 720px)" srcset="https://res.cloudinary.com/tkwy-prod-eu/image/upload/c_thumb,w_600,h_200/f_auto/q_auto/dpr_1.0/d_nl:cuisines:turks-eten-8.jpg/v1747642038/static-takeaway-com/images/generic/heroes/511/511_turkish_mediterean_36.jpg 1x, https://res.cloudinary.com/tkwy-prod-eu/image/upload/c_thumb,w_600,h_200/f_auto/q_auto/dpr_2.0/d_nl:cuisines:turks-eten-8.jpg/v1747642038/static-takeaway-com/images/generic/heroes/511/511_turkish_mediterean_36.jpg 2x"><source media="(max-width: 880px)" srcset="https://res.cloudinary.com/tkwy-prod-eu/image/upload/c_thumb,w_721,h_320/f_auto/q_auto/dpr_1.0/d_nl:cuisines:turks-eten-8.jpg/v1747642038/static-takeaway-com/images/generic/heroes/511/511_turkish_mediterean_36.jpg 1x, https://res.cloudinary.com/tkwy-prod-eu/image/upload/c_thumb,w_721,h_320/f_auto/q_auto/dpr_2.0/d_nl:cuisines:turks-eten-8.jpg/v1747642038/static-takeaway-com/images/generic/heroes/511/511_turkish_mediterean_36.jpg 2x"><source media="(max-width: 1024px)" srcset="https://res.cloudinary.com/tkwy-prod-eu/image/upload/c_thumb,w_880,h_320/f_auto/q_auto/dpr_1.0/d_nl:cuisines:turks-eten-8.jpg/v1747642038/static-takeaway-com/images/generic/heroes/511/511_turkish_mediterean_36.jpg 1x, https://res.cloudinary.com/tkwy-prod-eu/image/upload/c_thumb,w_880,h_320/f_auto/q_auto/dpr_2.0/d_nl:cuisines:turks-eten-8.jpg/v1747642038/static-takeaway-com/images/generic/heroes/511/511_turkish_mediterean_36.jpg 2x"><source media="(max-width: 1140px)" srcset="https://res.cloudinary.com/tkwy-prod-eu/image/upload/c_thumb,w_681,h_300/f_auto/q_auto/dpr_1.0/d_nl:cuisines:turks-eten-8.jpg/v1747642038/static-takeaway-com/images/generic/heroes/511/511_turkish_mediterean_36.jpg 1x, https://res.cloudinary.com/tkwy-prod-eu/image/upload/c_thumb,w_681,h_300/f_auto/q_auto/dpr_2.0/d_nl:cuisines:turks-eten-8.jpg/v1747642038/static-takeaway-com/images/generic/heroes/511/511_turkish_mediterean_36.jpg 2x"><source media="(max-width: 1280px)" srcset="https://res.cloudinary.com/tkwy-prod-eu/image/upload/c_thumb,w_797,h_300/f_auto/q_auto/dpr_1.0/d_nl:cuisines:turks-eten-8.jpg/v1747642038/static-takeaway-com/images/generic/heroes/511/511_turkish_mediterean_36.jpg 1x, https://res.cloudinary.com/tkwy-prod-eu/image/upload/c_thumb,w_797,h_300/f_auto/q_auto/dpr_2.0/d_nl:cuisines:turks-eten-8.jpg/v1747642038/static-takeaway-com/images/generic/heroes/511/511_turkish_mediterean_36.jpg 2x"><source media="(max-width: 1440px)" srcset="https://res.cloudinary.com/tkwy-prod-eu/image/upload/c_thumb,w_937,h_400/f_auto/q_auto/dpr_1.0/d_nl:cuisines:turks-eten-8.jpg/v1747642038/static-takeaway-com/images/generic/heroes/511/511_turkish_mediterean_36.jpg 1x, https://res.cloudinary.com/tkwy-prod-eu/image/upload/c_thumb,w_937,h_400/f_auto/q_auto/dpr_2.0/d_nl:cuisines:turks-eten-8.jpg/v1747642038/static-takeaway-com/images/generic/heroes/511/511_turkish_mediterean_36.jpg 2x"><source media="(max-width: 1660px)" srcset="https://res.cloudinary.com/tkwy-prod-eu/image/upload/c_thumb,w_1097,h_480/f_auto/q_auto/dpr_1.0/d_nl:cuisines:turks-eten-8.jpg/v1747642038/static-takeaway-com/images/generic/heroes/511/511_turkish_mediterean_36.jpg 1x, https://res.cloudinary.com/tkwy-prod-eu/image/upload/c_thumb,w_1097,h_480/f_auto/q_auto/dpr_2.0/d_nl:cuisines:turks-eten-8.jpg/v1747642038/static-takeaway-com/images/generic/heroes/511/511_turkish_mediterean_36.jpg 2x"><source media="(max-width: 1880px)" srcset="https://res.cloudinary.com/tkwy-prod-eu/image/upload/c_thumb,w_1317,h_480/f_auto/q_auto/dpr_1.0/d_nl:cuisines:turks-eten-8.jpg/v1747642038/static-takeaway-com/images/generic/heroes/511/511_turkish_mediterean_36.jpg 1x, https://res.cloudinary.com/tkwy-prod-eu/image/upload/c_thumb,w_1317,h_480/f_auto/q_auto/dpr_2.0/d_nl:cuisines:turks-eten-8.jpg/v1747642038/static-takeaway-com/images/generic/heroes/511/511_turkish_mediterean_36.jpg 2x"><source media="(max-width: 2100px)" srcset="https://res.cloudinary.com/tkwy-prod-eu/image/upload/c_thumb,w_1537,h_480/f_auto/q_auto/dpr_1.0/d_nl:cuisines:turks-eten-8.jpg/v1747642038/static-takeaway-com/images/generic/heroes/511/511_turkish_mediterean_36.jpg 1x, https://res.cloudinary.com/tkwy-prod-eu/image/upload/c_thumb,w_1537,h_480/f_auto/q_auto/dpr_2.0/d_nl:cuisines:turks-eten-8.jpg/v1747642038/static-takeaway-com/images/generic/heroes/511/511_turkish_mediterean_36.jpg 2x"><img class="restaurant-header-image-style_hero-image__img__Dahv_ restaurant-header-image-style___is-header-exp-enabled__lQOun" src="https://res.cloudinary.com/tkwy-prod-eu/image/upload/c_thumb,w_2200,h_480/f_auto/q_auto/d_nl:cuisines:turks-eten-8.jpg/v1747642038/static-takeaway-com/images/generic/heroes/511/511_turkish_mediterean_36.jpg" srcset="https://res.cloudinary.com/tkwy-prod-eu/image/upload/c_thumb,w_2200,h_480/f_auto/q_auto/dpr_1.0/d_nl:cuisines:turks-eten-8.jpg/v1747642038/static-takeaway-com/images/generic/heroes/511/511_turkish_mediterean_36.jpg 1x, https://res.cloudinary.com/tkwy-prod-eu/image/upload/c_thumb,w_2200,h_480/f_auto/q_auto/dpr_2.0/d_nl:cuisines:turks-eten-8.jpg/v1747642038/static-takeaway-com/images/generic/heroes/511/511_turkish_mediterean_36.jpg 2x" height="200" alt=""></picture></div><div class="restaurant-header-style_avatar-wrapper__20nqB restaurant-header-style___is-header-exp-enabled__XVVH8"><div class="restaurant-header-style_avatar__PepGC restaurant-header-style___is-header-exp-enabled__XVVH8"><div class="_3ZXPf _12mV0 _1nR7l dVFQH _2AnxL" data-qa="avatar"><div class="_2GvTW"><figure class="_3MNml" data-qa="picture" style="width: 100%; height: auto;"><img class="_1xp4W" src="https://res.cloudinary.com/tkwy-prod-eu/image/upload/c_pad,h_100,w_100/v1747642038/static-takeaway-com/images/restaurants/nl/OQ7ORON1/logo_465x320.png" alt="Pideci Almere-avatar" aria-hidden="true" width="100%" height="auto"></figure></div></div></div></div><div class="restaurant-header-style_avatar-group-ordering__wHMPK"></div></div><section class="page-section-style_section__lOjFc page-section-style_is-narrow__DXphg" data-qa="page-section"><div data-qa="util" style="padding-inline-start: var(--xds-spacing-d); padding-inline-end: var(--xds-spacing-d); padding-top: var(--xds-spacing-e); padding-bottom: var(--xds-spacing-d);"><div class="_1sMed _1wlHd _2cDMI _1VvW7" data-qa="flex"><div class="restaurant-header-style_info__XsFU1"><h1 class="_50YZr _11kfx" data-qa="heading">Pideci Almere</h1><div data-qa="util" style="margin-top: var(--xds-spacing-b);"><div class="_1sMed _2JYYu _2cDMI hzg-6 _2_u6_" data-qa="flex"><div class="restaurant-indicators_separator__Goo_c"><div data-qa="restaurant-header" style="margin-top: var(--xds-spacing-a);"><div class="_1sMed _1wlHd _2cDMI _1pNnl hzg-6" data-qa="restaurant-header-with-star"><div class="_1ahtw" data-qa="text" style="color: var(--xds-color-content-brand);"><svg xmlns="http://www.w3.org/2000/svg" role="presentation" focusable="false" fill="currentColor" viewBox="0 0 16 16" class="c-pieIcon c-pieIcon--star-filled" width="20" height="20"><path d="m12.288 14.449-4.183-2.197a.219.219 0 0 0-.21 0L3.713 14.45 4.5 9.794a.254.254 0 0 0 0-.193L1.07 6.302l4.673-.682a.228.228 0 0 0 .166-.114L8 1.271l2.091 4.235a.227.227 0 0 0 .167.114l4.672.682-3.386 3.3a.254.254 0 0 0-.061.192l.805 4.655Z"></path></svg></div><div data-dd-action-name="restaurant-header-rating-action"><span class="_3VpRA _1oYzK _1zoHE" role="button" tabindex="0" data-qa="restaurant-header-rating-action"><div data-qa="util" style="padding-left: var(--xds-spacing-a);"><div class="_3jA7k _2THKE" data-qa="restaurant-header-score" style="color: var(--xds-color-content-default);"><b>4,3</b> (200+)</div></div></span></div></div></div></div></div></div></div><div class="restaurant-header-style_actions__ayQnd"><div class="_1sMed _1wlHd _2cDMI" data-qa="flex"><div data-qa="util" style="margin-right: var(--xds-spacing-b);"><button type="button" class="_908LZ _1pO2V m29-z _4R7G3 _2JFg2" aria-disabled="false" aria-live="polite" aria-busy="false" aria-atomic="true" data-qa="group-order-initiate-button"><span class="ygmw2"><div class="vfm5P XREKx _2qQjg" data-qa="media"><div class="_1liec"><svg xmlns="http://www.w3.org/2000/svg" role="presentation" focusable="false" fill="var(--xds-color-interactive-brand)" viewBox="0 0 16 16" class="c-pieIcon c-pieIcon--user-group" width="24" height="24"><path d="M14.527 10.126a2.73 2.73 0 0 0-1.338-1.592 2.503 2.503 0 0 0 0-3.5 2.564 2.564 0 0 0-3.562 0 2.424 2.424 0 0 0-.367.481 2.791 2.791 0 0 0-2.433 0c-.099-.17-.22-.325-.358-.464a2.625 2.625 0 0 0-3.605 0 2.546 2.546 0 0 0 0 3.57 2.73 2.73 0 0 0-1.356 1.496L1 11.5h1.417l.333-.963a1.496 1.496 0 0 1 1.418-1.006h1.75c.056.085.12.164.192.236l.175.15a2.948 2.948 0 0 0-1.75 2.012l-.42 1.32H5.48l.271-.962a1.54 1.54 0 0 1 1.374-1.216h1.75a1.54 1.54 0 0 1 1.391 1.216l.271.963h1.365l-.402-1.33a2.956 2.956 0 0 0-1.75-2.004l.175-.149c.071-.072.136-.151.192-.236h1.82a1.452 1.452 0 0 1 1.313 1.006l.35.963H15l-.473-1.374Zm-2.292-4.2a1.207 1.207 0 0 1-1.549 1.838 2.572 2.572 0 0 0-.428-1.383c.055-.17.148-.325.27-.455a1.225 1.225 0 0 1 1.707 0Zm-3.255.945a1.391 1.391 0 1 1-1.96 0 1.435 1.435 0 0 1 1.96 0Zm-5.25-.945a1.269 1.269 0 0 1 1.75 0c.115.116.201.257.254.411a2.695 2.695 0 0 0-.464 1.505 1.277 1.277 0 0 1-1.54-.175 1.234 1.234 0 0 1 0-1.75v.01Z"></path></svg></div><div class="_1_51K"><div class="_2GljJ _3EHTe" data-qa="text">Groepsbestelling</div></div></div></span></button></div><span class="_3I0XC _3-HpP _1eD-m" aria-label="Meer informatie" tabindex="0" role="button" aria-live="polite" aria-busy="false" aria-atomic="true" aria-disabled="false" data-qa="about-us-button-action-info"><svg xmlns="http://www.w3.org/2000/svg" role="presentation" focusable="false" fill="currentColor" viewBox="0 0 16 16" class="c-pieIcon c-pieIcon--info-circle" width="24" height="24"><path d="M8 1.219A6.781 6.781 0 1 0 14.781 8 6.79 6.79 0 0 0 8 1.219Zm0 12.25A5.469 5.469 0 1 1 8 2.53a5.469 5.469 0 0 1 0 10.938ZM7.344 7.29h1.312v3.334H7.344V7.291Zm1.531-1.916a.875.875 0 1 1-1.75 0 .875.875 0 0 1 1.75 0Z"></path></svg></span></div></div></div></div></section></div><div data-qa="menu-category-nav" class="sticky-outer-wrapper" id="category-nav" style="min-height: 120px;"><div data-qa="menu-category-nav" class=" " id="category-nav" style="transform: translateZ(0px);"><div><section class="page-section-style_section__lOjFc page-section-style_is-narrow__DXphg menu-category-navigation-style_section__opu8G" data-qa="page-section"><search class="item-search-bar-style_search__aouUM" data-qa="menu-category-nav-categories-action-search"><div class="_1SCqX" data-qa="menu-category-nav-search"><div class="_3mhcU"><div class="_2QIYd"><span class="_1bJ1M _3JgDa" data-qa="menu-category-nav-search-action-left"><svg xmlns="http://www.w3.org/2000/svg" role="presentation" focusable="false" fill="var(--xds-color-interactive-brand)" viewBox="0 0 16 16" class="c-pieIcon c-pieIcon--search" width="24" height="24"><path d="M14.125 13.162 11.15 10.18a5.049 5.049 0 1 0-.936.936l2.948 3.01.963-.963Zm-7-2.318a3.718 3.718 0 1 1 3.719-3.72 3.728 3.728 0 0 1-3.72 3.72Z"></path></svg></span><label for="input_1" class="_1v_zl _3XIWi _3V5BI _29FoK"><input id="input_1" class="VO0jE" placeholder="Zoeken Pideci Almere" type="search" name="search" autocomplete="off" aria-label="Zoek naar gerechten, etc..." aria-invalid="false" data-qa="menu-category-nav-search-element" value=""></label><span class="_2IMN0"></span></div></div></div></search><nav aria-label="MenucategorieÃ«n"><div class="_1sMed _1wlHd _2cDMI _1pNnl hzg-6" data-qa="flex"><div class="categories-navigation-styles_slider-without-gradient__w9v41"><div class="swipe-navigation_main__zpPhn" data-qa="menu-category-nav-categories"><div class="swipe-navigation_items__RybVv swipe-navigation_is-left-aligned__UeQtA swipe-navigation_with-right-spacing__IQKtZ swipe-navigation_wrapper__Y0as7"><div class="_2IqCW kTLF6 swipe-navigation_track__cYHLN" data-qa="menu-category-nav-categories"><div class="swiper-container swiper-container-initialized swiper-container-horizontal swiper-container-pointer-events" style="cursor: grab;"><ul class="swiper-wrapper" style="transform: translate3d(0px, 0px, 0px);"><li class="swiper-slide swiper-slide-active k5LBY" style="margin-right: 8px;"><div class="_1MRj- _2B1Ly _38U8i ZVjdf swipe-navigation_item__OesXl" aria-live="polite" aria-busy="false" aria-atomic="true" data-qa="menu-category-nav-categories-item"><div class="_9NUh1" role="button" tabindex="0" aria-label="" aria-current="true" data-qa="menu-category-nav-categories-item-element"><div class="NsePu"><div class="_3wa4B">Uitgelicht</div></div></div></div></li><li class="swiper-slide swiper-slide-next k5LBY" style="margin-right: 8px;"><div class="_1MRj- _2B1Ly _38U8i swipe-navigation_item__OesXl" aria-live="polite" aria-busy="false" aria-atomic="true" data-qa="menu-category-nav-categories-item"><div class="_9NUh1" role="button" tabindex="0" aria-label="" aria-current="false" data-qa="menu-category-nav-categories-item-element"><div class="NsePu"><div class="_3wa4B">Broodjes en wraps</div></div></div></div></li><li class="swiper-slide k5LBY" style="margin-right: 8px;"><div class="_1MRj- _2B1Ly _38U8i swipe-navigation_item__OesXl" aria-live="polite" aria-busy="false" aria-atomic="true" data-qa="menu-category-nav-categories-item"><div class="_9NUh1" role="button" tabindex="0" aria-label="" aria-current="false" data-qa="menu-category-nav-categories-item-element"><div class="NsePu"><div class="_3wa4B">Voorgerechten</div></div></div></div></li><li class="swiper-slide k5LBY" style="margin-right: 8px;"><div class="_1MRj- _2B1Ly _38U8i swipe-navigation_item__OesXl" aria-live="polite" aria-busy="false" aria-atomic="true" data-qa="menu-category-nav-categories-item"><div class="_9NUh1" role="button" tabindex="0" aria-label="" aria-current="false" data-qa="menu-category-nav-categories-item-element"><div class="NsePu"><div class="_3wa4B">Kapsalon</div></div></div></div></li><li class="swiper-slide k5LBY" style="margin-right: 8px;"><div class="_1MRj- _2B1Ly _38U8i swipe-navigation_item__OesXl" aria-live="polite" aria-busy="false" aria-atomic="true" data-qa="menu-category-nav-categories-item"><div class="_9NUh1" role="button" tabindex="0" aria-label="" aria-current="false" data-qa="menu-category-nav-categories-item-element"><div class="NsePu"><div class="_3wa4B">Stoofpot</div></div></div></div></li><li class="swiper-slide k5LBY" style="margin-right: 8px;"><div class="_1MRj- _2B1Ly _38U8i swipe-navigation_item__OesXl" aria-live="polite" aria-busy="false" aria-atomic="true" data-qa="menu-category-nav-categories-item"><div class="_9NUh1" role="button" tabindex="0" aria-label="" aria-current="false" data-qa="menu-category-nav-categories-item-element"><div class="NsePu"><div class="_3wa4B">Pide's</div></div></div></div></li><li class="swiper-slide k5LBY" style="margin-right: 8px;"><div class="_1MRj- _2B1Ly _38U8i swipe-navigation_item__OesXl" aria-live="polite" aria-busy="false" aria-atomic="true" data-qa="menu-category-nav-categories-item"><div class="_9NUh1" role="button" tabindex="0" aria-label="" aria-current="false" data-qa="menu-category-nav-categories-item-element"><div class="NsePu"><div class="_3wa4B">DÃ¼rÃ¼m wraps</div></div></div></div></li><li class="swiper-slide k5LBY" style="margin-right: 8px;"><div class="_1MRj- _2B1Ly _38U8i swipe-navigation_item__OesXl" aria-live="polite" aria-busy="false" aria-atomic="true" data-qa="menu-category-nav-categories-item"><div class="_9NUh1" role="button" tabindex="0" aria-label="" aria-current="false" data-qa="menu-category-nav-categories-item-element"><div class="NsePu"><div class="_3wa4B">Schotels</div></div></div></div></li><li class="swiper-slide k5LBY" style="margin-right: 8px;"><div class="_1MRj- _2B1Ly _38U8i swipe-navigation_item__OesXl" aria-live="polite" aria-busy="false" aria-atomic="true" data-qa="menu-category-nav-categories-item"><div class="_9NUh1" role="button" tabindex="0" aria-label="" aria-current="false" data-qa="menu-category-nav-categories-item-element"><div class="NsePu"><div class="_3wa4B">Soepen</div></div></div></div></li><li class="swiper-slide k5LBY" style="margin-right: 8px;"><div class="_1MRj- _2B1Ly _38U8i swipe-navigation_item__OesXl" aria-live="polite" aria-busy="false" aria-atomic="true" data-qa="menu-category-nav-categories-item"><div class="_9NUh1" role="button" tabindex="0" aria-label="" aria-current="false" data-qa="menu-category-nav-categories-item-element"><div class="NsePu"><div class="_3wa4B">Snacks</div></div></div></div></li><li class="swiper-slide k5LBY" style="margin-right: 8px;"><div class="_1MRj- _2B1Ly _38U8i swipe-navigation_item__OesXl" aria-live="polite" aria-busy="false" aria-atomic="true" data-qa="menu-category-nav-categories-item"><div class="_9NUh1" role="button" tabindex="0" aria-label="" aria-current="false" data-qa="menu-category-nav-categories-item-element"><div class="NsePu"><div class="_3wa4B">Zoetigheid</div></div></div></div></li><li class="swiper-slide k5LBY" style="margin-right: 8px;"><div class="_1MRj- _2B1Ly _38U8i swipe-navigation_item__OesXl" aria-live="polite" aria-busy="false" aria-atomic="true" data-qa="menu-category-nav-categories-item"><div class="_9NUh1" role="button" tabindex="0" aria-label="" aria-current="false" data-qa="menu-category-nav-categories-item-element"><div class="NsePu"><div class="_3wa4B">Sauzen</div></div></div></div></li><li class="swiper-slide k5LBY" style="margin-right: 8px;"><div class="_1MRj- _2B1Ly _38U8i swipe-navigation_item__OesXl" aria-live="polite" aria-busy="false" aria-atomic="true" data-qa="menu-category-nav-categories-item"><div class="_9NUh1" role="button" tabindex="0" aria-label="" aria-current="false" data-qa="menu-category-nav-categories-item-element"><div class="NsePu"><div class="_3wa4B">Frisdranken</div></div></div></div></li></ul></div></div></div><div class="swipe-navigation_arrow-right__AwM_0"><span class="_3I0XC _371aD _1eD-m" aria-label="Toon de volgende categorie" tabindex="0" role="button" aria-live="polite" aria-busy="false" aria-atomic="true" aria-disabled="false" data-qa="menu-category-nav-categories-action-next"><svg xmlns="http://www.w3.org/2000/svg" role="presentation" focusable="false" fill="currentColor" viewBox="0 0 16 16" class="c-pieIcon c-pieIcon--chevron-right" width="20" height="20"><path d="M5.044 13.18 10.399 8 5 2.82l.875-.962 5.539 5.346a1.164 1.164 0 0 1 0 1.636l-5.469 5.285-.901-.945Z"></path></svg></span></div></div></div><span class="_3I0XC _371aD _1eD-m categories-navigation-styles_category-shortcut-icon__a25xq" aria-label="Open een lijst met menucategorieÃ«n" tabindex="0" role="button" aria-live="polite" aria-busy="false" aria-atomic="true" aria-disabled="false" data-qa="icon-button"><svg xmlns="http://www.w3.org/2000/svg" role="presentation" focusable="false" fill="currentColor" viewBox="0 0 16 16" class="c-pieIcon c-pieIcon--list" width="20" height="20"><path d="M2.313 11.938a1.312 1.312 0 1 0 0-2.625 1.312 1.312 0 0 0 0 2.624Z"></path><path d="M14.125 4.719h-8.75V6.03h8.348l.402-1.312Z"></path><path d="M2.313 6.688a1.313 1.313 0 1 0 0-2.626 1.313 1.313 0 0 0 0 2.625Z"></path><path d="M12.506 9.969H5.375v1.312h6.729l.402-1.312Z"></path></svg></span></div></nav></section></div></div></div></div><main id="main-content"><section class="page-section-style_section__lOjFc page-section-style_is-narrow__DXphg items-content-style_menu-list-section__ClGWV items-content-style_menu-list-container__RYiS3" data-qa="menu-list"><div data-qa="popular-items" data-category-hash="categorie_popular-items"><section class="page-section-style_section__lOjFc page-section-style_is-narrow__DXphg" data-qa="page-section"><h2 class="_50YZr CgiCq popular-items-carousel-style_title__3xOds" data-qa="heading">Uitgelicht</h2><div class="popular-items-carousel-style_swiper__q8Rze popular-items-carousel-style_is-full-width__7V5Pw"><div class="popular-items-carousel-style_items__9EJ5Y popular-items-carousel-style_is-left-aligned__v3trE"><div class="popular-items-carousel-style_carousel__J4tE4"><ul class="popular-items-carousel-style_track__tbOL8" aria-labelledby="heading-id"><div class="_2IqCW kTLF6" data-qa="swipe-nav"><div class="swiper-container swiper-container-initialized swiper-container-horizontal swiper-container-pointer-events swiper-container-free-mode" style="cursor: grab;"><ul class="swiper-wrapper" style="transition-duration: 0ms; transform: translate3d(16px, 0px, 0px);"><li class="swiper-slide k5LBY swiper-slide-active" style="margin-right: 8px;"><div class="popular-item-style_card__zl9LQ popular-item-style_card-width-text__xS6N_"><div><div class="_1-LYK _3KThQ _2k34Z _2lp6c _3Md-E _1uGs1 _2kuFa _1Kobs _2ymLY _28WkB _11sjN _2pVcG" data-qa="popular-item"><div class="_3cJSj" role="button" tabindex="0" data-qa="popular-item-element"><div class="_6jjS6"><div class="_1qJsB"><div class="vfm5P XREKx _2qQjg" data-qa="media"><div class="_1_51K"><div class="_1sMed _1wlHd Yc8ZH _1VvW7" data-qa="flex"><div class="popular-item-style_category__H2ocU"><div class="Tcels" data-qa="text">Kapsalon</div></div><div class="popular-item-style_item-name__k1IiM"><div class="popular-item-style_name__T__oA"><h6 class="_50YZr _3lnHa" data-qa="heading">Kapsalon shoarma</h6></div></div><div class="popular-item-style_info__9D0Ul"><span><h2 class="_50YZr _3lnHa" data-qa="heading" style="color: var(--xds-color-content-default);">vanaf <span data-qa="text"><span aria-hidden="false" class="formatted-currency-style_content__VNVsV">â¬&nbsp;11,50</span></span></h2></span></div></div></div></div></div></div></div><div class="_1lW9z"><span class="_3I0XC _371aD _3N1fC" tabindex="0" role="button" aria-live="polite" aria-busy="false" aria-atomic="true" aria-disabled="false" data-qa="popular-item-action"><span class="_21Vy- _3kNDR VrfUP" data-qa="popular-item-add-icon"><svg viewBox="0 0 16 16" width="1em" height="1em" role="presentation" focusable="false" aria-hidden="true"><path d="M14.125 7.344H8.656V1.875H7.344v5.469H1.875v1.312h5.469v5.469h1.312V8.656h5.469V7.344z"></path></svg></span></span></div><span class="_1oq-w"></span></div></div></div></li><li class="swiper-slide k5LBY swiper-slide-next" style="margin-right: 8px;"><div class="popular-item-style_card__zl9LQ popular-item-style_card-width-text__xS6N_"><div><div class="_1-LYK _3KThQ _2k34Z _2lp6c _3Md-E _1uGs1 _2kuFa _1Kobs _2ymLY _28WkB _11sjN _2pVcG" data-qa="popular-item"><div class="_3cJSj" role="button" tabindex="0" data-qa="popular-item-element"><div class="_6jjS6"><div class="_1qJsB"><div class="vfm5P XREKx _2qQjg" data-qa="media"><div class="_1_51K"><div class="_1sMed _1wlHd Yc8ZH _1VvW7" data-qa="flex"><div class="popular-item-style_category__H2ocU"><div class="Tcels" data-qa="text">Kapsalon</div></div><div class="popular-item-style_item-name__k1IiM"><div class="popular-item-style_name__T__oA"><h6 class="_50YZr _3lnHa" data-qa="heading">Kapsalon kipfilet</h6></div></div><div class="popular-item-style_info__9D0Ul"><span><h2 class="_50YZr _3lnHa" data-qa="heading" style="color: var(--xds-color-content-default);">vanaf <span data-qa="text"><span aria-hidden="false" class="formatted-currency-style_content__VNVsV">â¬&nbsp;11,50</span></span></h2></span></div></div></div></div></div></div></div><div class="_1lW9z"><span class="_3I0XC _371aD _3N1fC" tabindex="0" role="button" aria-live="polite" aria-busy="false" aria-atomic="true" aria-disabled="false" data-qa="popular-item-action"><span class="_21Vy- _3kNDR VrfUP" data-qa="popular-item-add-icon"><svg viewBox="0 0 16 16" width="1em" height="1em" role="presentation" focusable="false" aria-hidden="true"><path d="M14.125 7.344H8.656V1.875H7.344v5.469H1.875v1.312h5.469v5.469h1.312V8.656h5.469V7.344z"></path></svg></span></span></div><span class="_1oq-w"></span></div></div></div></li><li class="swiper-slide k5LBY" style="margin-right: 8px;"><div class="popular-item-style_card__zl9LQ popular-item-style_card-width-text__xS6N_"><div><div class="_1-LYK _3KThQ _2k34Z _2lp6c _3Md-E _1uGs1 _2kuFa _1Kobs _2ymLY _28WkB _11sjN _2pVcG" data-qa="popular-item"><div class="_3cJSj" role="button" tabindex="0" data-qa="popular-item-element"><div class="_6jjS6"><div class="_1qJsB"><div class="vfm5P XREKx _2qQjg" data-qa="media"><div class="_1_51K"><div class="_1sMed _1wlHd Yc8ZH _1VvW7" data-qa="flex"><div class="popular-item-style_category__H2ocU"><div class="Tcels" data-qa="text">Broodjes en wraps</div></div><div class="popular-item-style_item-name__k1IiM"><div class="popular-item-style_name__T__oA"><h6 class="_50YZr _3lnHa" data-qa="heading">Broodje shoarma</h6></div></div><div class="popular-item-style_info__9D0Ul"><span><h2 class="_50YZr _3lnHa" data-qa="heading" style="color: var(--xds-color-content-default);">vanaf <span data-qa="text"><span aria-hidden="false" class="formatted-currency-style_content__VNVsV">â¬&nbsp;9,50</span></span></h2></span></div></div></div></div></div></div></div><div class="_1lW9z"><span class="_3I0XC _371aD _3N1fC" tabindex="0" role="button" aria-live="polite" aria-busy="false" aria-atomic="true" aria-disabled="false" data-qa="popular-item-action"><span class="_21Vy- _3kNDR VrfUP" data-qa="popular-item-add-icon"><svg viewBox="0 0 16 16" width="1em" height="1em" role="presentation" focusable="false" aria-hidden="true"><path d="M14.125 7.344H8.656V1.875H7.344v5.469H1.875v1.312h5.469v5.469h1.312V8.656h5.469V7.344z"></path></svg></span></span></div><span class="_1oq-w"></span></div></div></div></li><li class="swiper-slide k5LBY" style="margin-right: 8px;"><div class="popular-item-style_card__zl9LQ popular-item-style_card-width-text__xS6N_"><div><div class="_1-LYK _3KThQ _2k34Z _2lp6c _3Md-E _1uGs1 _2kuFa _1Kobs _2ymLY _28WkB _11sjN _2pVcG" data-qa="popular-item"><div class="_3cJSj" role="button" tabindex="0" data-qa="popular-item-element"><div class="_6jjS6"><div class="_1qJsB"><div class="vfm5P XREKx _2qQjg" data-qa="media"><div class="_1_51K"><div class="_1sMed _1wlHd Yc8ZH _1VvW7" data-qa="flex"><div class="popular-item-style_category__H2ocU"><div class="Tcels" data-qa="text">Snacks</div></div><div class="popular-item-style_item-name__k1IiM"><div class="popular-item-style_name__T__oA"><h6 class="_50YZr _3lnHa" data-qa="heading">Patat klein</h6></div></div><div class="popular-item-style_info__9D0Ul"><span><h2 class="_50YZr _3lnHa" data-qa="heading" style="color: var(--xds-color-content-default);"><span data-qa="text"><span aria-hidden="false" class="formatted-currency-style_content__VNVsV">â¬&nbsp;3,50</span></span></h2></span></div></div></div></div></div></div></div><div class="_1lW9z"><span class="_3I0XC _371aD _3N1fC" tabindex="0" role="button" aria-live="polite" aria-busy="false" aria-atomic="true" aria-disabled="false" data-qa="popular-item-action"><span class="_21Vy- _3kNDR VrfUP" data-qa="popular-item-add-icon"><svg viewBox="0 0 16 16" width="1em" height="1em" role="presentation" focusable="false" aria-hidden="true"><path d="M14.125 7.344H8.656V1.875H7.344v5.469H1.875v1.312h5.469v5.469h1.312V8.656h5.469V7.344z"></path></svg></span></span></div><span class="_1oq-w"></span></div></div></div></li><li class="swiper-slide k5LBY" style="margin-right: 8px;"><div class="popular-item-style_card__zl9LQ popular-item-style_card-width-image__pQu8f"><div><div class="_1-LYK _3KThQ _2k34Z _2lp6c _3Md-E _1uGs1 _2kuFa _1Kobs _2ymLY _28WkB _11sjN _2pVcG" data-qa="popular-item"><div class="_3cJSj" role="button" tabindex="0" data-qa="popular-item-element"><div class="_6jjS6"><div class="_1qJsB"><div class="vfm5P XREKx _2qQjg" data-qa="media"><div class="_1liec"><div data-qa="util"><span class="_9NUh1" role="presentation" tabindex="-1" data-qa="link"><div class="lazy-image-style_wrapper__8JaH8"><figure class="_3MNml _3HYIn" data-qa="picture" style="width: 120px;"><img class="_1xp4W" src="https://just-eat-prod-eu-res.cloudinary.com/image/upload/c_fill,q_auto,ar_4:3,c_thumb,w_120/f_auto/q_auto/v1/nl/dishes/4164928/12a6245cac3763aed8300a029278a70f" srcset="https://just-eat-prod-eu-res.cloudinary.com/image/upload/c_fill,q_auto,ar_4:3,c_thumb,w_120/f_auto/q_auto/dpr_1.0/v1/nl/dishes/4164928/12a6245cac3763aed8300a029278a70f 1x, https://just-eat-prod-eu-res.cloudinary.com/image/upload/c_fill,q_auto,ar_4:3,c_thumb,w_120/f_auto/q_auto/dpr_2.0/v1/nl/dishes/4164928/12a6245cac3763aed8300a029278a70f 2x" alt="Tavuklu peynirli pide" aria-hidden="true" width="120px"></figure></div></span></div></div><div class="_1_51K"><div class="_1sMed _1wlHd Yc8ZH _1VvW7" data-qa="flex"><div class="popular-item-style_category__H2ocU"><div class="Tcels" data-qa="text">Pide's</div></div><div class="popular-item-style_item-name__k1IiM"><div class="popular-item-style_name__T__oA"><h6 class="_50YZr _3lnHa" data-qa="heading">Tavuklu peynirli pide</h6></div></div><div class="popular-item-style_info__9D0Ul"><span><h2 class="_50YZr _3lnHa" data-qa="heading" style="color: var(--xds-color-content-default);"><span data-qa="text"><span aria-hidden="false" class="formatted-currency-style_content__VNVsV">â¬&nbsp;13,50</span></span></h2></span></div></div></div></div></div></div></div><div class="_1lW9z"><span class="_3I0XC _371aD _3N1fC" tabindex="0" role="button" aria-live="polite" aria-busy="false" aria-atomic="true" aria-disabled="false" data-qa="popular-item-action"><span class="_21Vy- _3kNDR VrfUP" data-qa="popular-item-add-icon"><svg viewBox="0 0 16 16" width="1em" height="1em" role="presentation" focusable="false" aria-hidden="true"><path d="M14.125 7.344H8.656V1.875H7.344v5.469H1.875v1.312h5.469v5.469h1.312V8.656h5.469V7.344z"></path></svg></span></span></div><span class="_1oq-w"></span></div></div></div></li></ul></div></div></ul></div></div><span class="_3I0XC _3-HpP _3ywcS popular-items-carousel-style_arrow-right__7uo_V" tabindex="0" role="button" aria-live="polite" aria-busy="false" aria-atomic="true" aria-disabled="false" data-qa="icon-button"><svg xmlns="http://www.w3.org/2000/svg" role="presentation" focusable="false" fill="currentColor" viewBox="0 0 16 16" class="c-pieIcon c-pieIcon--chevron-right" width="24" height="24"><path d="M5.044 13.18 10.399 8 5 2.82l.875-.962 5.539 5.346a1.164 1.164 0 0 1 0 1.636l-5.469 5.285-.901-.945Z"></path></svg></span></div></section></div><section class="item-category-style_section__XhoNI" data-qa="item-category" data-category-hash="categorie_29875190" aria-labelledby="categorie_29875190"><div class="item-category-style_content-list__f8xAs"><h2 class="item-category-style_category-name__M_cyZ" id="categorie_29875190" data-qa="heading">Broodjes en wraps</h2><div class="item-category-style_text-list__naYud" data-qa="text"><div class="_2k9lp _1YAOc" data-qa="item-category-description"><div class="_7n82m"></div><div class="_3MYep" style=""><div><div class="_3jA7k" data-qa="text" style="color: var(--xds-color-content-subdued);">Met salade en saus</div></div></div></div></div></div><ul class="item-list_list-wrapper__31Wbo" data-qa="item-category-list"><li class="item-list_list-item__L9WZC" data-item-id="335115650"><div><div data-dd-action-name="" class=""><div class="list-item-content-style_relative-wrapper__cS8gb"><div class="_1-LYK _3KThQ _2k34Z _2lp6c _3Md-E _2vr4s _1uGs1 _2kuFa _1Kobs _8l-RC _28WkB list-item-content-style_item-wrapper__TJ_bI" data-qa="item"><div class="_3cJSj" role="button" tabindex="0" data-qa="item-element"><div class="_6jjS6"><div class="_1qJsB"><div class="_1sMed _1wlHd _2cDMI _1pNnl hzg-6 list-item-content-style_item-heading-wrapper__fzrch" data-qa="flex"><h3 class="_50YZr _3hlni list-item-content-style_item-heading__kewGu" data-qa="heading">Broodje shoarma</h3><span class="_9NUh1 nutrition-info-icon-style_content__wbyIS" role="button" tabindex="0" aria-label="Meer productinformatie" data-qa="item-action-nutrition-element"><svg xmlns="http://www.w3.org/2000/svg" role="presentation" focusable="false" fill="currentColor" viewBox="0 0 16 16" class="c-pieIcon c-pieIcon--info-circle" width="24" height="24"><path d="M8 1.219A6.781 6.781 0 1 0 14.781 8 6.79 6.79 0 0 0 8 1.219Zm0 12.25A5.469 5.469 0 1 1 8 2.53a5.469 5.469 0 0 1 0 10.938ZM7.344 7.29h1.312v3.334H7.344V7.291Zm1.531-1.916a.875.875 0 1 1-1.75 0 .875.875 0 0 1 1.75 0Z"></path></svg></span></div>vanaf <span class="rWs5G sgXoL" data-qa="text"><span aria-hidden="false" class="formatted-currency-style_content__VNVsV">â¬&nbsp;9,50</span></span><div class="_2GljJ list-item-content-style_item-description__FN1kM" data-qa="text" style="color: var(--xds-color-content-default);">Met salade en saus</div></div></div></div><span class="_1oq-w"></span></div><span class="_3I0XC _371aD _3N1fC list-item-content-style_item-action__cCrt3" aria-label="Voeg Broodje shoarma toe aan het winkelmandje" tabindex="0" role="button" aria-live="polite" aria-busy="false" aria-atomic="true" aria-disabled="false" data-qa="item-action"><span class="_21Vy- _3kNDR VrfUP" data-qa="item-add-icon"><svg viewBox="0 0 16 16" width="1em" height="1em" role="presentation" focusable="false" aria-hidden="true"><path d="M14.125 7.344H8.656V1.875H7.344v5.469H1.875v1.312h5.469v5.469h1.312V8.656h5.469V7.344z"></path></svg></span></span></div></div></div></li><li class="item-list_list-item__L9WZC" data-item-id="596602193"><div><div data-dd-action-name="" class=""><div class="list-item-content-style_relative-wrapper__cS8gb"><div class="_1-LYK _3KThQ _2k34Z _2lp6c _3Md-E _2vr4s _1uGs1 _2kuFa _1Kobs _8l-RC _28WkB list-item-content-style_item-wrapper__TJ_bI" data-qa="item"><div class="_3cJSj" role="button" tabindex="0" data-qa="item-element"><div class="_6jjS6"><div class="_1qJsB"><div class="_1sMed _1wlHd _2cDMI _1pNnl hzg-6 list-item-content-style_item-heading-wrapper__fzrch" data-qa="flex"><h3 class="_50YZr _3hlni list-item-content-style_item-heading__kewGu" data-qa="heading">Broodje kÃ¶fte</h3><span class="_9NUh1 nutrition-info-icon-style_content__wbyIS" role="button" tabindex="0" aria-label="Meer productinformatie" data-qa="item-action-nutrition-element"><svg xmlns="http://www.w3.org/2000/svg" role="presentation" focusable="false" fill="currentColor" viewBox="0 0 16 16" class="c-pieIcon c-pieIcon--info-circle" width="24" height="24"><path d="M8 1.219A6.781 6.781 0 1 0 14.781 8 6.79 6.79 0 0 0 8 1.219Zm0 12.25A5.469 5.469 0 1 1 8 2.53a5.469 5.469 0 0 1 0 10.938ZM7.344 7.29h1.312v3.334H7.344V7.291Zm1.531-1.916a.875.875 0 1 1-1.75 0 .875.875 0 0 1 1.75 0Z"></path></svg></span></div>vanaf <span class="rWs5G sgXoL" data-qa="text"><span aria-hidden="false" class="formatted-currency-style_content__VNVsV">â¬&nbsp;9,50</span></span></div></div></div><span class="_1oq-w"></span></div><span class="_3I0XC _371aD _3N1fC list-item-content-style_item-action__cCrt3" aria-label="Voeg Broodje kÃ¶fte toe aan het winkelmandje" tabindex="0" role="button" aria-live="polite" aria-busy="false" aria-atomic="true" aria-disabled="false" data-qa="item-action"><span class="_21Vy- _3kNDR VrfUP" data-qa="item-add-icon"><svg viewBox="0 0 16 16" width="1em" height="1em" role="presentation" focusable="false" aria-hidden="true"><path d="M14.125 7.344H8.656V1.875H7.344v5.469H1.875v1.312h5.469v5.469h1.312V8.656h5.469V7.344z"></path></svg></span></span></div></div></div></li><li class="item-list_list-item__L9WZC" data-item-id="335115640"><div><div data-dd-action-name="" class=""><div class="list-item-content-style_relative-wrapper__cS8gb"><div class="_1-LYK _3KThQ _2k34Z _2lp6c _3Md-E _2vr4s _1uGs1 _2kuFa _1Kobs _8l-RC _28WkB list-item-content-style_item-wrapper__TJ_bI" data-qa="item"><div class="_3cJSj" role="button" tabindex="0" data-qa="item-element"><div class="_6jjS6"><div class="_1qJsB"><div class="_1sMed _1wlHd _2cDMI _1pNnl hzg-6 list-item-content-style_item-heading-wrapper__fzrch" data-qa="flex"><h3 class="_50YZr _3hlni list-item-content-style_item-heading__kewGu" data-qa="heading">Wrap shoarma</h3><span class="_9NUh1 nutrition-info-icon-style_content__wbyIS" role="button" tabindex="0" aria-label="Meer productinformatie" data-qa="item-action-nutrition-element"><svg xmlns="http://www.w3.org/2000/svg" role="presentation" focusable="false" fill="currentColor" viewBox="0 0 16 16" class="c-pieIcon c-pieIcon--info-circle" width="24" height="24"><path d="M8 1.219A6.781 6.781 0 1 0 14.781 8 6.79 6.79 0 0 0 8 1.219Zm0 12.25A5.469 5.469 0 1 1 8 2.53a5.469 5.469 0 0 1 0 10.938ZM7.344 7.29h1.312v3.334H7.344V7.291Zm1.531-1.916a.875.875 0 1 1-1.75 0 .875.875 0 0 1 1.75 0Z"></path></svg></span></div>vanaf <span class="rWs5G sgXoL" data-qa="text"><span aria-hidden="false" class="formatted-currency-style_content__VNVsV">â¬&nbsp;9,50</span></span><div class="_2GljJ list-item-content-style_item-description__FN1kM" data-qa="text" style="color: var(--xds-color-content-default);">Met salade en saus</div></div></div></div><span class="_1oq-w"></span></div><span class="_3I0XC _371aD _3N1fC list-item-content-style_item-action__cCrt3" aria-label="Voeg Wrap shoarma toe aan het winkelmandje" tabindex="0" role="button" aria-live="polite" aria-busy="false" aria-atomic="true" aria-disabled="false" data-qa="item-action"><span class="_21Vy- _3kNDR VrfUP" data-qa="item-add-icon"><svg viewBox="0 0 16 16" width="1em" height="1em" role="presentation" focusable="false" aria-hidden="true"><path d="M14.125 7.344H8.656V1.875H7.344v5.469H1.875v1.312h5.469v5.469h1.312V8.656h5.469V7.344z"></path></svg></span></span></div></div></div></li><li class="item-list_list-item__L9WZC" data-item-id="937793143"><div><div data-dd-action-name="" class=""><div class="list-item-content-style_relative-wrapper__cS8gb"><div class="_1-LYK _3KThQ _2k34Z _2lp6c _3Md-E _2vr4s _1uGs1 _2kuFa _1Kobs _8l-RC _28WkB list-item-content-style_item-wrapper__TJ_bI" data-qa="item"><div class="_3cJSj" role="button" tabindex="0" data-qa="item-element"><div class="_6jjS6"><div class="_1qJsB"><div class="_1sMed _1wlHd _2cDMI _1pNnl hzg-6 list-item-content-style_item-heading-wrapper__fzrch" data-qa="flex"><h3 class="_50YZr _3hlni list-item-content-style_item-heading__kewGu" data-qa="heading">Wrap kÃ¶fte</h3><span class="_9NUh1 nutrition-info-icon-style_content__wbyIS" role="button" tabindex="0" aria-label="Meer productinformatie" data-qa="item-action-nutrition-element"><svg xmlns="http://www.w3.org/2000/svg" role="presentation" focusable="false" fill="currentColor" viewBox="0 0 16 16" class="c-pieIcon c-pieIcon--info-circle" width="24" height="24"><path d="M8 1.219A6.781 6.781 0 1 0 14.781 8 6.79 6.79 0 0 0 8 1.219Zm0 12.25A5.469 5.469 0 1 1 8 2.53a5.469 5.469 0 0 1 0 10.938ZM7.344 7.29h1.312v3.334H7.344V7.291Zm1.531-1.916a.875.875 0 1 1-1.75 0 .875.875 0 0 1 1.75 0Z"></path></svg></span></div><span class="rWs5G sgXoL" data-qa="text"><span aria-hidden="false" class="formatted-currency-style_content__VNVsV">â¬&nbsp;9,50</span></span></div></div></div><span class="_1oq-w"></span></div><span class="_3I0XC _371aD _3N1fC list-item-content-style_item-action__cCrt3" aria-label="Voeg Wrap kÃ¶fte toe aan het winkelmandje" tabindex="0" role="button" aria-live="polite" aria-busy="false" aria-atomic="true" aria-disabled="false" data-qa="item-action"><span class="_21Vy- _3kNDR VrfUP" data-qa="item-add-icon"><svg viewBox="0 0 16 16" width="1em" height="1em" role="presentation" focusable="false" aria-hidden="true"><path d="M14.125 7.344H8.656V1.875H7.344v5.469H1.875v1.312h5.469v5.469h1.312V8.656h5.469V7.344z"></path></svg></span></span></div></div></div></li><li class="item-list_list-item__L9WZC" data-item-id="335115620"><div><div data-dd-action-name="" class=""><div class="list-item-content-style_relative-wrapper__cS8gb"><div class="_1-LYK _3KThQ _2k34Z _2lp6c _3Md-E _2vr4s _1Kobs _21afM _17dtL _8l-RC _28WkB list-item-content-style_item-wrapper__TJ_bI" data-qa="item-disabled"><div class="_3cJSj" data-qa="item-element" aria-disabled="true"><div class="_6jjS6"><div class="_1qJsB"><div class="_1sMed _1wlHd _2cDMI _1pNnl hzg-6 list-item-content-style_item-heading-wrapper__fzrch" data-qa="flex"><h3 class="_50YZr _3hlni list-item-content-style_item-heading__kewGu" data-qa="heading">Broodje sucuk dÃ¶ner</h3><div class="nutrition-info-icon-style_content__wbyIS" data-qa="item-action-nutrition"><svg xmlns="http://www.w3.org/2000/svg" role="presentation" focusable="false" fill="currentColor" viewBox="0 0 16 16" class="c-pieIcon c-pieIcon--info-circle" width="24" height="24"><path d="M8 1.219A6.781 6.781 0 1 0 14.781 8 6.79 6.79 0 0 0 8 1.219Zm0 12.25A5.469 5.469 0 1 1 8 2.53a5.469 5.469 0 0 1 0 10.938ZM7.344 7.29h1.312v3.334H7.344V7.291Zm1.531-1.916a.875.875 0 1 1-1.75 0 .875.875 0 0 1 1.75 0Z"></path></svg></div></div>Niet beschikbaar<div class="_2GljJ list-item-content-style_item-description__FN1kM" data-qa="text" style="color: var(--xds-color-content-subdued);">Met salade en saus</div></div></div></div><span class="_1oq-w"></span></div></div></div></div></li><li class="item-list_list-item__L9WZC" data-item-id="335115630-DELIVERY"><div><div data-dd-action-name="" class=""><div class="list-item-content-style_relative-wrapper__cS8gb"><div class="_1-LYK _3KThQ _2k34Z _2lp6c _3Md-E _2vr4s _1Kobs _21afM _17dtL _8l-RC _28WkB list-item-content-style_item-wrapper__TJ_bI" data-qa="item-disabled"><div class="_3cJSj" data-qa="item-element" aria-disabled="true"><div class="_6jjS6"><div class="_1qJsB"><div class="_1sMed _1wlHd _2cDMI _1pNnl hzg-6 list-item-content-style_item-heading-wrapper__fzrch" data-qa="flex"><h3 class="_50YZr _3hlni list-item-content-style_item-heading__kewGu" data-qa="heading">DÃ¼rÃ¼m sucuk dÃ¶ner</h3><div class="nutrition-info-icon-style_content__wbyIS" data-qa="item-action-nutrition"><svg xmlns="http://www.w3.org/2000/svg" role="presentation" focusable="false" fill="currentColor" viewBox="0 0 16 16" class="c-pieIcon c-pieIcon--info-circle" width="24" height="24"><path d="M8 1.219A6.781 6.781 0 1 0 14.781 8 6.79 6.79 0 0 0 8 1.219Zm0 12.25A5.469 5.469 0 1 1 8 2.53a5.469 5.469 0 0 1 0 10.938ZM7.344 7.29h1.312v3.334H7.344V7.291Zm1.531-1.916a.875.875 0 1 1-1.75 0 .875.875 0 0 1 1.75 0Z"></path></svg></div></div>Niet beschikbaar<div class="_2GljJ list-item-content-style_item-description__FN1kM" data-qa="text" style="color: var(--xds-color-content-subdued);">Met salade en saus</div></div></div></div><span class="_1oq-w"></span></div></div></div></div></li></ul></section><section class="item-category-style_section__XhoNI" data-qa="item-category" data-category-hash="categorie_29875180" aria-labelledby="categorie_29875180"><div class="item-category-style_content-list__f8xAs"><h2 class="item-category-style_category-name__M_cyZ" id="categorie_29875180" data-qa="heading">Voorgerechten</h2><div class="item-category-style_text-list__naYud" data-qa="text"><div class="_2k9lp _1YAOc" data-qa="item-category-description"><div class="_7n82m"></div><div class="_3MYep" style=""><div><div class="_3jA7k" data-qa="text" style="color: var(--xds-color-content-subdued);">1 stuk is iets langer dan 1 meter</div></div></div></div></div></div><ul class="item-list_list-wrapper__31Wbo" data-qa="item-category-list"><li class="item-list_list-item__L9WZC" data-item-id="335115270"><div><div data-dd-action-name="" class=""><div class="list-item-content-style_relative-wrapper__cS8gb"><div class="_1-LYK _3KThQ _2k34Z _2lp6c _3Md-E _2vr4s _1uGs1 _2kuFa _1Kobs _8l-RC _28WkB list-item-content-style_item-wrapper__TJ_bI" data-qa="item"><div class="_3cJSj" role="button" tabindex="0" data-qa="item-element"><div class="_6jjS6"><div class="_1qJsB"><div class="_1sMed _1wlHd _2cDMI _1pNnl hzg-6 list-item-content-style_item-heading-wrapper__fzrch" data-qa="flex"><h3 class="_50YZr _3hlni list-item-content-style_item-heading__kewGu" data-qa="heading">Garnalen</h3><span class="_9NUh1 nutrition-info-icon-style_content__wbyIS" role="button" tabindex="0" aria-label="Meer productinformatie" data-qa="item-action-nutrition-element"><svg xmlns="http://www.w3.org/2000/svg" role="presentation" focusable="false" fill="currentColor" viewBox="0 0 16 16" class="c-pieIcon c-pieIcon--info-circle" width="24" height="24"><path d="M8 1.219A6.781 6.781 0 1 0 14.781 8 6.79 6.79 0 0 0 8 1.219Zm0 12.25A5.469 5.469 0 1 1 8 2.53a5.469 5.469 0 0 1 0 10.938ZM7.344 7.29h1.312v3.334H7.344V7.291Zm1.531-1.916a.875.875 0 1 1-1.75 0 .875.875 0 0 1 1.75 0Z"></path></svg></span></div><span class="rWs5G sgXoL" data-qa="text"><span aria-hidden="false" class="formatted-currency-style_content__VNVsV">â¬&nbsp;14,50</span></span></div></div></div><span class="_1oq-w"></span></div><span class="_3I0XC _371aD _3N1fC list-item-content-style_item-action__cCrt3" aria-label="Voeg Garnalen toe aan het winkelmandje" tabindex="0" role="button" aria-live="polite" aria-busy="false" aria-atomic="true" aria-disabled="false" data-qa="item-action"><span class="_21Vy- _3kNDR VrfUP" data-qa="item-add-icon"><svg viewBox="0 0 16 16" width="1em" height="1em" role="presentation" focusable="false" aria-hidden="true"><path d="M14.125 7.344H8.656V1.875H7.344v5.469H1.875v1.312h5.469v5.469h1.312V8.656h5.469V7.344z"></path></svg></span></span></div></div></div></li><li class="item-list_list-item__L9WZC" data-item-id="335115280"><div><div data-dd-action-name="" class=""><div class="list-item-content-style_relative-wrapper__cS8gb"><div class="_1-LYK _3KThQ _2k34Z _2lp6c _3Md-E _2vr4s _1uGs1 _2kuFa _1Kobs _8l-RC _28WkB list-item-content-style_item-wrapper__TJ_bI" data-qa="item"><div class="_3cJSj" role="button" tabindex="0" data-qa="item-element"><div class="_6jjS6"><div class="_1qJsB"><div class="_1sMed _1wlHd _2cDMI _1pNnl hzg-6 list-item-content-style_item-heading-wrapper__fzrch" data-qa="flex"><h3 class="_50YZr _3hlni list-item-content-style_item-heading__kewGu" data-qa="heading">Calamaris</h3><span class="_9NUh1 nutrition-info-icon-style_content__wbyIS" role="button" tabindex="0" aria-label="Meer productinformatie" data-qa="item-action-nutrition-element"><svg xmlns="http://www.w3.org/2000/svg" role="presentation" focusable="false" fill="currentColor" viewBox="0 0 16 16" class="c-pieIcon c-pieIcon--info-circle" width="24" height="24"><path d="M8 1.219A6.781 6.781 0 1 0 14.781 8 6.79 6.79 0 0 0 8 1.219Zm0 12.25A5.469 5.469 0 1 1 8 2.53a5.469 5.469 0 0 1 0 10.938ZM7.344 7.29h1.312v3.334H7.344V7.291Zm1.531-1.916a.875.875 0 1 1-1.75 0 .875.875 0 0 1 1.75 0Z"></path></svg></span></div><span class="rWs5G sgXoL" data-qa="text"><span aria-hidden="false" class="formatted-currency-style_content__VNVsV">â¬&nbsp;8,50</span></span></div></div></div><span class="_1oq-w"></span></div><span class="_3I0XC _371aD _3N1fC list-item-content-style_item-action__cCrt3" aria-label="Voeg Calamaris toe aan het winkelmandje" tabindex="0" role="button" aria-live="polite" aria-busy="false" aria-atomic="true" aria-disabled="false" data-qa="item-action"><span class="_21Vy- _3kNDR VrfUP" data-qa="item-add-icon"><svg viewBox="0 0 16 16" width="1em" height="1em" role="presentation" focusable="false" aria-hidden="true"><path d="M14.125 7.344H8.656V1.875H7.344v5.469H1.875v1.312h5.469v5.469h1.312V8.656h5.469V7.344z"></path></svg></span></span></div></div></div></li><li class="item-list_list-item__L9WZC" data-item-id="335115300"><div><div data-dd-action-name="" class=""><div class="list-item-content-style_relative-wrapper__cS8gb"><div class="_1-LYK _3KThQ _2k34Z _2lp6c _3Md-E _2vr4s _1uGs1 _2kuFa _1Kobs _8l-RC _28WkB list-item-content-style_item-wrapper__TJ_bI" data-qa="item"><div class="_3cJSj" role="button" tabindex="0" data-qa="item-element"><div class="_6jjS6"><div class="_1qJsB"><div class="_1sMed _1wlHd _2cDMI _1pNnl hzg-6 list-item-content-style_item-heading-wrapper__fzrch" data-qa="flex"><h3 class="_50YZr _3hlni list-item-content-style_item-heading__kewGu" data-qa="heading">Portie patat</h3><span class="_9NUh1 nutrition-info-icon-style_content__wbyIS" role="button" tabindex="0" aria-label="Meer productinformatie" data-qa="item-action-nutrition-element"><svg xmlns="http://www.w3.org/2000/svg" role="presentation" focusable="false" fill="currentColor" viewBox="0 0 16 16" class="c-pieIcon c-pieIcon--info-circle" width="24" height="24"><path d="M8 1.219A6.781 6.781 0 1 0 14.781 8 6.79 6.79 0 0 0 8 1.219Zm0 12.25A5.469 5.469 0 1 1 8 2.53a5.469 5.469 0 0 1 0 10.938ZM7.344 7.29h1.312v3.334H7.344V7.291Zm1.531-1.916a.875.875 0 1 1-1.75 0 .875.875 0 0 1 1.75 0Z"></path></svg></span></div>vanaf <span class="rWs5G sgXoL" data-qa="text"><span aria-hidden="false" class="formatted-currency-style_content__VNVsV">â¬&nbsp;4,50</span></span><div class="_2GljJ list-item-content-style_item-description__FN1kM" data-qa="text" style="color: var(--xds-color-content-default);">Met saus</div></div></div></div><span class="_1oq-w"></span></div><span class="_3I0XC _371aD _3N1fC list-item-content-style_item-action__cCrt3" aria-label="Voeg Portie patat toe aan het winkelmandje" tabindex="0" role="button" aria-live="polite" aria-busy="false" aria-atomic="true" aria-disabled="false" data-qa="item-action"><span class="_21Vy- _3kNDR VrfUP" data-qa="item-add-icon"><svg viewBox="0 0 16 16" width="1em" height="1em" role="presentation" focusable="false" aria-hidden="true"><path d="M14.125 7.344H8.656V1.875H7.344v5.469H1.875v1.312h5.469v5.469h1.312V8.656h5.469V7.344z"></path></svg></span></span></div></div></div></li><li class="item-list_list-item__L9WZC" data-item-id="937839233"><div><div data-dd-action-name="" class=""><div class="list-item-content-style_relative-wrapper__cS8gb"><div class="_1-LYK _3KThQ _2k34Z _2lp6c _3Md-E _2vr4s _1uGs1 _2kuFa _1Kobs _8l-RC _28WkB list-item-content-style_item-wrapper__TJ_bI" data-qa="item"><div class="_3cJSj" role="button" tabindex="0" data-qa="item-element"><div class="_6jjS6"><div class="_1qJsB"><div class="_1sMed _1wlHd _2cDMI _1pNnl hzg-6 list-item-content-style_item-heading-wrapper__fzrch" data-qa="flex"><h3 class="_50YZr _3hlni list-item-content-style_item-heading__kewGu" data-qa="heading">Kipnuggets</h3><span class="_9NUh1 nutrition-info-icon-style_content__wbyIS" role="button" tabindex="0" aria-label="Meer productinformatie" data-qa="item-action-nutrition-element"><svg xmlns="http://www.w3.org/2000/svg" role="presentation" focusable="false" fill="currentColor" viewBox="0 0 16 16" class="c-pieIcon c-pieIcon--info-circle" width="24" height="24"><path d="M8 1.219A6.781 6.781 0 1 0 14.781 8 6.79 6.79 0 0 0 8 1.219Zm0 12.25A5.469 5.469 0 1 1 8 2.53a5.469 5.469 0 0 1 0 10.938ZM7.344 7.29h1.312v3.334H7.344V7.291Zm1.531-1.916a.875.875 0 1 1-1.75 0 .875.875 0 0 1 1.75 0Z"></path></svg></span></div><span class="rWs5G sgXoL" data-qa="text"><span aria-hidden="false" class="formatted-currency-style_content__VNVsV">â¬&nbsp;6,50</span></span></div></div></div><span class="_1oq-w"></span></div><span class="_3I0XC _371aD _3N1fC list-item-content-style_item-action__cCrt3" aria-label="Voeg Kipnuggets toe aan het winkelmandje" tabindex="0" role="button" aria-live="polite" aria-busy="false" aria-atomic="true" aria-disabled="false" data-qa="item-action"><span class="_21Vy- _3kNDR VrfUP" data-qa="item-add-icon"><svg viewBox="0 0 16 16" width="1em" height="1em" role="presentation" focusable="false" aria-hidden="true"><path d="M14.125 7.344H8.656V1.875H7.344v5.469H1.875v1.312h5.469v5.469h1.312V8.656h5.469V7.344z"></path></svg></span></span></div></div></div></li><li class="item-list_list-item__L9WZC" data-item-id="335115290"><div><div data-dd-action-name="" class=""><div class="list-item-content-style_relative-wrapper__cS8gb"><div class="_1-LYK _3KThQ _2k34Z _2lp6c _3Md-E _2vr4s _1Kobs _21afM _17dtL _8l-RC _28WkB list-item-content-style_item-wrapper__TJ_bI" data-qa="item-disabled"><div class="_3cJSj" data-qa="item-element" aria-disabled="true"><div class="_6jjS6"><div class="_1qJsB"><div class="_1sMed _1wlHd _2cDMI _1pNnl hzg-6 list-item-content-style_item-heading-wrapper__fzrch" data-qa="flex"><h3 class="_50YZr _3hlni list-item-content-style_item-heading__kewGu" data-qa="heading">Manti</h3><div class="nutrition-info-icon-style_content__wbyIS" data-qa="item-action-nutrition"><svg xmlns="http://www.w3.org/2000/svg" role="presentation" focusable="false" fill="currentColor" viewBox="0 0 16 16" class="c-pieIcon c-pieIcon--info-circle" width="24" height="24"><path d="M8 1.219A6.781 6.781 0 1 0 14.781 8 6.79 6.79 0 0 0 8 1.219Zm0 12.25A5.469 5.469 0 1 1 8 2.53a5.469 5.469 0 0 1 0 10.938ZM7.344 7.29h1.312v3.334H7.344V7.291Zm1.531-1.916a.875.875 0 1 1-1.75 0 .875.875 0 0 1 1.75 0Z"></path></svg></div></div>Niet beschikbaar</div></div></div><span class="_1oq-w"></span></div></div></div></div></li></ul></section><section class="item-category-style_section__XhoNI" data-qa="item-category" data-category-hash="categorie_29875200" aria-labelledby="categorie_29875200"><div class="item-category-style_content-list__f8xAs"><h2 class="item-category-style_category-name__M_cyZ" id="categorie_29875200" data-qa="heading">Kapsalon</h2><div class="item-category-style_text-list__naYud" data-qa="text"><div class="_2k9lp _1YAOc" data-qa="item-category-description"><div class="_7n82m"></div><div class="_3MYep" style=""><div><div class="_3jA7k" data-qa="text" style="color: var(--xds-color-content-subdued);">Keuze uit Turkse rijst of patat. Met salade en saus</div></div></div></div></div></div><div data-qa="out-of-viewport-category" style="height: 780px;"></div></section><section class="item-category-style_section__XhoNI" data-qa="item-category" data-category-hash="categorie_29875210" aria-labelledby="categorie_29875210"><div class="item-category-style_content-list__f8xAs"><h2 class="item-category-style_category-name__M_cyZ" id="categorie_29875210" data-qa="heading">Stoofpot</h2><div class="item-category-style_text-list__naYud" data-qa="text"><div class="_2k9lp _1YAOc" data-qa="item-category-description"><div class="_7n82m"></div><div class="_3MYep" style=""><div><div class="_3jA7k" data-qa="text" style="color: var(--xds-color-content-subdued);">Keuze uit patat of Turkse rijst. Met salade en saus</div></div></div></div></div></div><div data-qa="out-of-viewport-category" style="height: 468px;"></div></section><section class="item-category-style_section__XhoNI" data-qa="item-category" data-category-hash="categorie_29875220" aria-labelledby="categorie_29875220"><div class="item-category-style_content-list__f8xAs"><h2 class="item-category-style_category-name__M_cyZ" id="categorie_29875220" data-qa="heading">Pide's</h2><div class="item-category-style_text-list__naYud" data-qa="text"><div class="_2k9lp _1YAOc" data-qa="item-category-description"><div class="_7n82m"></div><div class="_3MYep" style=""><div><div class="_3jA7k" data-qa="text" style="color: var(--xds-color-content-subdued);">Turkse pide ongeveer 1 meter lang, per stuk</div></div></div></div></div></div><div data-qa="out-of-viewport-category" style="height: 2652px;"></div></section><section class="item-category-style_section__XhoNI" data-qa="item-category" data-category-hash="categorie_29875230" aria-labelledby="categorie_29875230"><div class="item-category-style_content-list__f8xAs"><h2 class="item-category-style_category-name__M_cyZ" id="categorie_29875230" data-qa="heading">DÃ¼rÃ¼m wraps</h2><div class="item-category-style_text-list__naYud" data-qa="text"><div class="_2k9lp _1YAOc" data-qa="item-category-description"><div class="_7n82m"></div><div class="_3MYep" style=""><div><div class="_3jA7k" data-qa="text" style="color: var(--xds-color-content-subdued);">Met salade en saus</div></div></div></div></div></div><div data-qa="out-of-viewport-category" style="height: 936px;"></div></section><section class="item-category-style_section__XhoNI" data-qa="item-category" data-category-hash="categorie_29875240" aria-labelledby="categorie_29875240"><div class="item-category-style_content-list__f8xAs"><h2 class="item-category-style_category-name__M_cyZ" id="categorie_29875240" data-qa="heading">Schotels</h2><div class="item-category-style_text-list__naYud" data-qa="text"><div class="_2k9lp _1YAOc" data-qa="item-category-description"><div class="_7n82m"></div><div class="_3MYep" style=""><div><div class="_3jA7k" data-qa="text" style="color: var(--xds-color-content-subdued);">Keuze uit patat of Turkse rijst, pitabroodje, salade en saus</div></div></div></div></div></div><div data-qa="out-of-viewport-category" style="height: 780px;"></div></section><section class="item-category-style_section__XhoNI" data-qa="item-category" data-category-hash="categorie_29875250" aria-labelledby="categorie_29875250"><div class="item-category-style_content-list__f8xAs"><h2 class="item-category-style_category-name__M_cyZ" id="categorie_29875250" data-qa="heading">Soepen</h2></div><div data-qa="out-of-viewport-category" style="height: 468px;"></div></section><section class="item-category-style_section__XhoNI" data-qa="item-category" data-category-hash="categorie_29875260" aria-labelledby="categorie_29875260"><div class="item-category-style_content-list__f8xAs"><h2 class="item-category-style_category-name__M_cyZ" id="categorie_29875260" data-qa="heading">Snacks</h2></div><div data-qa="out-of-viewport-category" style="height: 1248px;"></div></section><section class="item-category-style_section__XhoNI" data-qa="item-category" data-category-hash="categorie_29875290" aria-labelledby="categorie_29875290"><div class="item-category-style_content-list__f8xAs"><h2 class="item-category-style_category-name__M_cyZ" id="categorie_29875290" data-qa="heading">Zoetigheid</h2></div><div data-qa="out-of-viewport-category" style="height: 624px;"></div></section><section class="item-category-style_section__XhoNI" data-qa="item-category" data-category-hash="categorie_28894468" aria-labelledby="categorie_28894468"><div class="item-category-style_content-list__f8xAs"><h2 class="item-category-style_category-name__M_cyZ" id="categorie_28894468" data-qa="heading">Sauzen</h2></div><div data-qa="out-of-viewport-category" style="height: 1092px;"></div></section><section class="item-category-style_section__XhoNI" data-qa="item-category" data-category-hash="categorie_28600508" aria-labelledby="categorie_28600508"><div class="item-category-style_content-list__f8xAs"><h2 class="item-category-style_category-name__M_cyZ" id="categorie_28600508" data-qa="heading">Frisdranken</h2></div><div data-qa="out-of-viewport-category" style="height: 4368px;"></div></section><div data-qa="util" style="margin-top: var(--xds-spacing-f); margin-bottom: var(--xds-spacing-d);"><div class="colophon-wrapper-style_header__A_h0D"><span class="_21Vy- _3yxB0 VrfUP" data-qa="icon"><svg viewBox="0 0 16 16" width="1em" height="1em" role="presentation" focusable="false" aria-hidden="true"><path d="M12.375 2.094h-8.75a1.54 1.54 0 00-1.531 1.531v10.281h11.812V3.625a1.54 1.54 0 00-1.531-1.531zm.219 10.5H8.656v-1.969H7.344v1.969H3.406V3.625a.219.219 0 01.219-.219h8.75a.219.219 0 01.219.219v8.969zm-3.719-7h1.75v1.312h-1.75V5.594zm-3.5 0h1.75v1.312h-1.75V5.594zm3.5 2.625h1.75V9.53h-1.75V8.22zm-3.5 0h1.75V9.53h-1.75V8.22z"></path></svg></span><h3 class="_50YZr _3hlni" data-qa="heading" style="color: var(--xds-color-content-default);">Business details</h3></div><div class="colophon-style_row__tBLCx"><div data-qa="text">Pideci Almere </div><div data-qa="text">Zadelmakerstraat 51 </div><div data-qa="text">1315AN Almere</div></div><a class="_3VpRA _1oYzK _1zoHE" href="mailto:services2gobv@gmail.com" target="_blank" title="services2gobv@gmail.com" tabindex="0" data-qa="colophon">Stuur ons een e-mail</a><div class="colophon-style_row__tBLCx"></div><div class="colophon-style_row__tBLCx">Platform van de Europese Commissie voor online geschillenbeslechting: <a class="_3VpRA _1oYzK _1zoHE" href="https://ec.europa.eu/consumers/odr" target="https://ec.europa.eu/consumers/odr" title="https://ec.europa.eu/consumers/odr" tabindex="0" data-qa="text-link">https://ec.europa.eu/consumers/odr</a></div><div role="separator" class="_3DzJ2" aria-hidden="true" data-qa="divider"><div data-qa="util" style="margin-block-start: var(--xds-spacing-d); margin-block-end: var(--xds-spacing-d);"><div class="_1aJMN"><hr class="_3oPhm _122wD"></div></div></div><div class="rWs5G" data-qa="colophon-helpful-text">Wij zijn een professionele handelaar. <a class="_3VpRA _1oYzK _1zoHE" href="https://www.thuisbezorgd.nl/klantenservice/artikel/wat-is-de-status-van-restaurants-welke-samenwerken" target="_blank" title="Ontdek meer" tabindex="0" data-qa="helpful-text-learn-more-link">Ontdek meer</a> over hoe wij en Thuisbezorgd.nl samen onze verantwoordelijkheid richting de consument dragen.</div></div></section></main></div> </section><aside class="page-style_side__KlVbw"><div class="sidebar-style_content__1rkIa"><div class="wrapper-style_content__hWXLW" data-qa="sidebar"><div class="wrapper-style_content-wrapper__zOt6n content-wrapper" style="max-height:832px;position:absolute;top:0px;"><div class="title-style_header__bfyY8" data-qa="sidebar-title"><h2 class="_50YZr CgiCq _31NQU" data-qa="heading" style="color: var(--xds-color-content-default);">Winkelmandje</h2></div><div data-qa="util" style="margin-top: var(--xds-spacing-c); margin-bottom: var(--xds-spacing-b); padding-inline-start: var(--xds-spacing-b); padding-inline-end: var(--xds-spacing-b);"><div class="shipping-type-switcher-style_wrapper__XeIFe shipping-type-switcher-style___without-bottom-padding__Hma_v" data-dd-action-name="shipping-type-switcher"><fieldset class="_1fY4K" aria-label="consumerWebMenuAndCheckout.shippingType.types.label" data-qa="shipping-type-switcher"><div class="_1zgQC _1-LpE _3ZaGW z8YCW" style="--highlight-width: 154px; --highlight-x-pos: 2px;"><div><div class="_1NMSk ysgN0 z8YCW" data-qa="shipping-type-switcher-item"><input id="options-item_0" class="_26z66" type="radio" name="shipping-type" aria-label="delivery" data-qa="shipping-type-switcher-item-element" value="delivery" checked=""><label class="_3Owh2" for="options-item_0"><span class="_1cp2J" aria-hidden="true"><div class="_3QMpH"><div class="_2boxy"><svg xmlns="http://www.w3.org/2000/svg" role="presentation" focusable="false" fill="currentColor" viewBox="0 0 16 16" class="c-pieIcon c-pieIcon--bike" width="20" height="20"><path d="M12.139 7.405 11 4.158a.218.218 0 0 1 0-.157.246.246 0 0 1 .158-.123l1.216-.446v-1.4l-1.627.613a1.514 1.514 0 0 0-.998 1.933l.359 1.015H9.75a2.433 2.433 0 0 0-1.925.963l-1.207 1.61-1.06-2.135h.692V4.718h-3.5v1.313H4.09l.726 1.461a2.87 2.87 0 0 0-.735-.105 2.826 2.826 0 1 0 2.826 2.818v-.201l1.97-2.66a1.111 1.111 0 0 1 .874-.438h.831l.254.717a2.844 2.844 0 1 0 1.313-.218h-.01ZM4.08 11.719a1.514 1.514 0 1 1 1.514-1.514 1.505 1.505 0 0 1-1.514 1.514Zm7.875 0a1.514 1.514 0 1 1 1.401-.934 1.505 1.505 0 0 1-1.4.934Z"></path></svg></div><div><div data-qa="shipping-type-switcher-delivery-text">Bezorgen</div><div class="_1F0S-"><div data-qa="shipping-type-switcher-delivery-availability-text">30-55 min</div></div></div></div></span><span class="l6UEt"><div class="_3QMpH"><div class="_2boxy"><svg xmlns="http://www.w3.org/2000/svg" role="presentation" focusable="false" fill="currentColor" viewBox="0 0 16 16" class="c-pieIcon c-pieIcon--bike" width="20" height="20"><path d="M12.139 7.405 11 4.158a.218.218 0 0 1 0-.157.246.246 0 0 1 .158-.123l1.216-.446v-1.4l-1.627.613a1.514 1.514 0 0 0-.998 1.933l.359 1.015H9.75a2.433 2.433 0 0 0-1.925.963l-1.207 1.61-1.06-2.135h.692V4.718h-3.5v1.313H4.09l.726 1.461a2.87 2.87 0 0 0-.735-.105 2.826 2.826 0 1 0 2.826 2.818v-.201l1.97-2.66a1.111 1.111 0 0 1 .874-.438h.831l.254.717a2.844 2.844 0 1 0 1.313-.218h-.01ZM4.08 11.719a1.514 1.514 0 1 1 1.514-1.514 1.505 1.505 0 0 1-1.514 1.514Zm7.875 0a1.514 1.514 0 1 1 1.401-.934 1.505 1.505 0 0 1-1.4.934Z"></path></svg></div><div><div data-qa="shipping-type-switcher-delivery-text">Bezorgen</div><div class="_1F0S-"><div data-qa="shipping-type-switcher-delivery-availability-text">30-55 min</div></div></div></div></span></label></div></div><div><div class="_1NMSk z8YCW" data-qa="shipping-type-switcher-item"><input id="options-item_1" class="_26z66" type="radio" name="shipping-type" aria-label="pickup" data-qa="shipping-type-switcher-item-element" value="pickup"><label class="_3Owh2" for="options-item_1"><span class="_1cp2J" aria-hidden="true"><div class="_3QMpH"><div class="_2boxy"><svg xmlns="http://www.w3.org/2000/svg" role="presentation" focusable="false" fill="currentColor" viewBox="0 0 16 16" class="c-pieIcon c-pieIcon--pick-up" width="20" height="20"><path d="M8.875 2.531H15V1.22H8.875a4.375 4.375 0 0 0-3.929 2.625H3.257l-.122.052A2.047 2.047 0 0 0 1.962 5.2a2.205 2.205 0 0 0 .788 2.275l-.796 5.95c-.012.365.12.72.367.989a1.163 1.163 0 0 0 .875.367h8.671a1.162 1.162 0 0 0 .875-.367 1.364 1.364 0 0 0 .36-1.05l-.77-5.793a2.695 2.695 0 0 0 1.478-1.54H15V4.72h-2.266l-.123.507a1.558 1.558 0 0 1-1.864 1.252l-.34-.062-1.13 1.129a.578.578 0 0 1-.805 0 .586.586 0 0 1-.12-.64.551.551 0 0 1 .13-.183l1.618-1.54a.752.752 0 0 0 .184-.875.77.77 0 0 0-.718-.49H6.46a2.888 2.888 0 0 1 2.415-1.286Zm0 6.493a1.873 1.873 0 0 0 1.33-.551l.665-.666h.087l.753 5.662H3.266l.761-5.688h3.098a1.873 1.873 0 0 0 1.75 1.242Zm-.639-3.868-.665.63c-.198.192-.35.425-.446.683h-3.5a.936.936 0 0 1-.359-.875.717.717 0 0 1 .324-.394h4.646v-.044Z"></path></svg></div><div><div data-qa="shipping-type-switcher-pickup-text">Afhalen</div><div class="_1F0S-"><div data-qa="shipping-type-switcher-pickup-availability-text">15 min</div></div></div></div></span><span class="l6UEt"><div class="_3QMpH"><div class="_2boxy"><svg xmlns="http://www.w3.org/2000/svg" role="presentation" focusable="false" fill="currentColor" viewBox="0 0 16 16" class="c-pieIcon c-pieIcon--pick-up" width="20" height="20"><path d="M8.875 2.531H15V1.22H8.875a4.375 4.375 0 0 0-3.929 2.625H3.257l-.122.052A2.047 2.047 0 0 0 1.962 5.2a2.205 2.205 0 0 0 .788 2.275l-.796 5.95c-.012.365.12.72.367.989a1.163 1.163 0 0 0 .875.367h8.671a1.162 1.162 0 0 0 .875-.367 1.364 1.364 0 0 0 .36-1.05l-.77-5.793a2.695 2.695 0 0 0 1.478-1.54H15V4.72h-2.266l-.123.507a1.558 1.558 0 0 1-1.864 1.252l-.34-.062-1.13 1.129a.578.578 0 0 1-.805 0 .586.586 0 0 1-.12-.64.551.551 0 0 1 .13-.183l1.618-1.54a.752.752 0 0 0 .184-.875.77.77 0 0 0-.718-.49H6.46a2.888 2.888 0 0 1 2.415-1.286Zm0 6.493a1.873 1.873 0 0 0 1.33-.551l.665-.666h.087l.753 5.662H3.266l.761-5.688h3.098a1.873 1.873 0 0 0 1.75 1.242Zm-.639-3.868-.665.63c-.198.192-.35.425-.446.683h-3.5a.936.936 0 0 1-.359-.875.717.717 0 0 1 .324-.394h4.646v-.044Z"></path></svg></div><div><div data-qa="shipping-type-switcher-pickup-text">Afhalen</div><div class="_1F0S-"><div data-qa="shipping-type-switcher-pickup-availability-text">15 min</div></div></div></div></span></label></div></div></div></fieldset></div></div><div aria-live="polite" class="empty-style_container__fc2gS" data-qa="sidebar-empty"><svg xmlns="http://www.w3.org/2000/svg" role="presentation" focusable="false" fill="currentColor" viewBox="0 0 16 16" class="c-pieIcon c-pieIcon--basket empty-style_icon__aRwey" width="40" height="40"><path d="M6.031 11.5 5.594 8h1.312l.438 3.5H6.03ZM9.094 8l-.438 3.5H9.97l.437-3.5H9.094ZM15 5.594v1.312h-.752l-.945 5.714a1.522 1.522 0 0 1-1.506 1.286H4.202a1.522 1.522 0 0 1-1.505-1.286l-.945-5.714H1V5.594h3.876L5.918 2.75h1.39L6.25 5.594h3.5L8.691 2.75h1.391l1.042 2.844H15Zm-2.082 1.312H3.082l.874 5.504a.219.219 0 0 0 .21.184h7.595a.219.219 0 0 0 .21-.184l.946-5.504Z"></path></svg><h2 class="_50YZr CgiCq empty-style_heading__raArl" data-qa="sidebar-empty-heading">Vul je mandje</h2><div class="rWs5G empty-style_content__DM3IH" data-qa="sidebar-empty-text">Je winkelmandje is nog leeg</div></div><div data-qa="sticky" class="sticky-outer-wrapper" style="min-height: 0px;"><div data-qa="sticky" class=" " style="transform: translateZ(0px);"><div><div class="_1eP2C _2FHDz" data-qa="toast"><div class="_1NBae _3Mekc" data-qa="transition-slide"></div></div></div></div></div><div class="_1eP2C _2FHDz _3-Yd9" data-qa="sidebar-user-removed-toast"><div class="_1NBae _3Mekc" data-qa="transition-slide"></div></div></div></div></div></aside></div><footer class="footer-style_footer__NogL5" data-qa="footer"><div role="list" class="footer-style_footer-list__2s5LU"><div role="listitem" class="footer-style_footer-list-item__Zi8XI"><a class="_3VpRA _2iLUA _1zoHE" href="/aanbevelen" target="_self" title="Restaurant aanbevelen" tabindex="0" data-qa="footer-link-recommendRestaurant">Restaurant aanbevelen</a></div><div role="listitem" class="footer-style_footer-list-item__Zi8XI"><a class="_3VpRA _2iLUA _1zoHE" href="/aanmelden" target="_self" title="Restaurant aanmelden" tabindex="0" data-qa="footer-link-signUpRestaurant">Restaurant aanmelden</a></div><div role="listitem" class="footer-style_footer-list-item__Zi8XI"><a class="_3VpRA _2iLUA _1zoHE" href="https://careers.justeattakeaway.com/nl/nl" target="_self" title="Vacatures" tabindex="0" data-qa="footer-link-jobs">Vacatures</a></div><div role="listitem" class="footer-style_footer-list-item__Zi8XI"><a class="_3VpRA _2iLUA _1zoHE" href="/algemene-voorwaarden" target="_self" title="Algemene voorwaarden" tabindex="0" data-qa="footer-link-termsAndConditions">Algemene voorwaarden</a></div><div role="listitem" class="footer-style_footer-list-item__Zi8XI"><a class="_3VpRA _2iLUA _1zoHE" href="/privacy-statement" target="_self" title="Privacy statement" tabindex="0" data-qa="footer-link-privacyStatement">Privacy statement</a></div><div role="listitem" class="footer-style_footer-list-item__Zi8XI"><a class="_3VpRA _2iLUA _1zoHE" href="/colofon" target="_self" title="Colofon" tabindex="0" data-qa="footer-link-colophon">Colofon</a></div><div role="listitem" class="footer-style_footer-list-item__Zi8XI"><a class="_3VpRA _2iLUA _1zoHE" href="/cookies-policy" target="_self" title="Cookieverklaring" tabindex="0" data-qa="footer-link-cookieStatement">Cookieverklaring</a></div><div role="listitem" class="footer-style_footer-list-item__Zi8XI"><a class="_3VpRA _2iLUA _1zoHE" href="/accessibility-statement" target="_self" title="Toegankelijkheid" tabindex="0" data-qa="footer-link-accessibilityStatement">Toegankelijkheid</a></div><div role="listitem" class="footer-style_footer-list-item__Zi8XI"><a class="_3VpRA _2iLUA _1zoHE" href="/bugbounty" target="_self" title="Bug Bounty" tabindex="0" data-qa="footer-link-bugBounty">Bug Bounty</a></div><div role="listitem" class="footer-style_footer-list-item__Zi8XI"><a class="_3VpRA _2iLUA _1zoHE" href="https://app.convercent.com/nl-nl/LandingPage/d8e86634-ec59-ec11-a985-000d3ab9f296" target="_self" title="Ethiek-hotline" tabindex="0" data-qa="footer-link-ethicsHotline">Ethiek-hotline</a></div></div><div class="footer-style_footer-item__TByg6">Â© 2025 Thuisbezorgd.nl</div></footer><div><div><pie-cookie-banner></pie-cookie-banner></div></div></div></div></div><script id="__NEXT_DATA__" type="application/json">{"props":{"appLifecycle":{},"pageProps":{"cachingHeaders":{"Cache-Control":"no-store"}},"appProps":{"appVersion":"0.1.13692","clientConfig":{"appEnv":"production","bffServiceUrlPublic":"https://cw-api.takeaway.com","bffServiceUrlInternal":"https://bff-service.bff.p.eks.tkwy-prod.io","bffServiceVersionDefault":"34","bffServiceVersionMenuAndCheckout":"BFF_SERVICE_VERSION_DEFAULT","feedbackButtonIds":{"afterOrderFeedback":"cf06c10463e2","globalFeedback":"1a5115c9e7f9","oneWebFeedback":"302af10c4aeb"},"jetFmEnv":"production","jeCloudinaryUrls":{"eu":"https://just-eat-prod-eu-res.cloudinary.com","sg":"https://just-eat-prod-sg-res.cloudinary.com"},"jeAuthPostAccessToken":"MTBjODQ2NjA0ZjcyYjNkNjAxNGQzNjNiZTIwZGVlYTg6OWI5Y2EyNWItZTEyMS00N2YzLWIyMTYtNTMzODUwODc3Mzhj","jeFooterCdn":{"uk":"https://je-web-content-cache-production.s3.eu-west-1.amazonaws.com","eu":"https://je-web-content-cache-i18n-production.s3.eu-west-1.amazonaws.com","au":"https://je-web-content-cache-aus-production.s3-ap-southeast-2.amazonaws.com"},"jePubnub":{"connectionRetryAttemptsLimit":1,"notificationSubscriberKey":"sub-c-984adad6-bbcc-11e6-963b-0619f8945a4f"},"jeServiceUrls":{"uk":"https://uk.api.just-eat.io","au":"https://aus.api.just-eat.io","eu":"https://i18n.api.just-eat.io"},"jeServiceUrlsInternal":{"uk":"https://smartgateway-internal-production.just-eat.co.uk","au":"https://smartgateway-internal-aus-production.au-justeat-1.je-labs.com","eu":"https://smartgateway-internal-i18n-production.justeat-int.com"},"privatePlapi":{"uk":"https://partnerlistingapi.eu-west-1.production.jet-internal.com","au":"https://partnerlistingapi.ap-southeast-2.production.jet-internal.com","eu":"https://partnerlistingapi.eu-central-1.production.jet-internal.com"},"jeRestaurantCdnUrls":{"uk":"https://menu-globalmenucdn.je-apis.com","au":"https://menu-globalmenucdn.au-justeat-1.je-labs.com","eu":"https://menu-globalmenucdn.justeat-int.com"},"jeBackendUrls":{"uk":"https://rest.api.eu-west-1.production.jet-external.com","au":"https://rest.api.ap-southeast-2.production.jet-external.com","eu":"https://rest.api.eu-central-1.production.jet-external.com"},"oneAppServiceUrls":{"authServiceUrl":"https://auth.eu-central-1.production.jet-external.com"},"owRestaurantCdnUrls":{"eu":"https://globalmenucdn.eu-central-1.production.jet-external.com"},"trackingEnv":"prod","snowplowTrackingEnv":"prod","fullStoryOrgId":"o-7C7C-eu1","releaseName":"app","releaseVersion":"0.1.13692","podName":"app-nl-frontend-84c59fd7f5-wdjjn","helpCenterService":{"helpCenterProxyUrl":"https://help-center-proxy.foodtools.io","managerBaseUrl":"https://help-center-manager.foodtools.io/api","helpCenterAssistantUrl":"https://assistant-api.foodtools.io","helpCenterZopimApiUrl":"https://widget-mediator.zopim.com/client/widget/account/status?embed_key=UErL2Mv230zwKpchRyrqlV4fBigjBt6t","chatbotGatewayApiUrl":"https://bot-gateway.foodtools.io"},"google":{"apiKey":"AIzaSyD3lMMlZHAbTwPYkkrbb2nsZN5g0D6Z58I","maps":{"baseUrl":"https://maps.googleapis.com/maps/api/js"}},"featureSwitches":{"addressesPage":false,"sentry":true,"service_worker":false,"signOutFromLegacy":true,"datadogRum":true,"apiProxy":false,"customAssetsPrefix":true,"postingReviewFromOrderPage":""},"countryFeatureSwitches":{"liveChat":["dk","no"],"standardisedPaymentFlow":["at","be","bg","de","dk","ch","pt","pl","ro","nl","fr","no","lu"],"cancelPolling":["lu"],"exceptionalStatus":[""],"newPaymentMethodNotification":["pt"],"tipping":["pl","be","fr","dk","no","pt","lu","ch","nl","de","bg","ro"],"smsNewsletterSubscription":["ie","gb","es","it","au"],"deleteAccount":["ie","gb","es","it","au"],"enableJetFm":["ie","gb","at","be","bg","ch","de","dk","lu","pl","nl","fr"]},"sentry":{"dsn":"https://fdfb6bf0d26e476ca81a568ea5291234@o408587.ingest.sentry.io/5353695"},"foodTrackerURL":"https://tracker.scoober.com","foodTrackerAPIUrl":"https://tracker-api.scoober.com/v1/trackings","scooberTrackerRetryDelay":2000,"scooberTrackerRetryAttemptsLimit":3,"foodTrackerDevModeEnabled":false,"orderConfirmationPollingDelay":1000,"orderConfirmationPollingAttemptsNumber":2,"cloudinaryCloudName":"tkwy-prod-eu","apiProxyUrl":"","ravelin":{"sdkKey":"pk_live_o5rfdBcNWbtWMUnAm05IGPu4b7VHKaup"},"jeFsaBadgeCdn":{"uk":"https://hygieneratingscdn.je-apis.com"},"dkSmilyRatingCdn":{"dk":"https://hygieneratingscdn.eu-central-1.production.jet-external.com"},"jetPay":{"jetPayAllowanceUrl":"https://takeawaypay-consumer-apigateway.azurewebsites.net/pay/api/v1/Payments/Allowance","isJetPayEnabled":true,"isJetPayApprovedReferenceEnabled":true},"featureManagementConfig":{"features":[{"key":"jet-consumerweb::accountCreditPage","valueType":"bool","defaultValueRules":[{"restrictions":{"in":["IE","UK","ES","IT","AU"],"property":"Country"},"value":true}]},{"key":"jet-consumerweb::ageVerification","valueType":"bool","defaultValueRules":[{"restrictions":{"in":["AT","BE","BG","CH","DE","DK","FR","IE","LU","NL","UK","ES","IT","SK"],"property":"Country"},"value":true},{"restrictions":{"eq":"PL","property":"Country"},"value":false}],"tags":["affects-cache"]},{"key":"jet-consumerweb::alcoholSelfExclusion","valueType":"bool","defaultValueRules":[{"restrictions":{"and":[{"eq":"AU","property":"Country"},{"eq":"TRUE","property":"IsOneWeb"}]},"value":true}]},{"key":"jet-consumerweb::ao_aa_exp","valueType":"string","defaultValueRules":[{"restrictions":{"in":["IE","AU","ES","IT","UK"],"property":"Country"},"value":"reserve"}],"evaluationLogic":{"type":"IdHash","detail":{"bucketBy":"AnonUserId","prefix":"ao_aa_exp_20250520","rules":[{"restrictions":{"in":["UK","IE","ES","AU","IT"],"property":"Country"},"audienceFraction":1,"variants":[{"weight":1,"value":"control","experimentKey":"CAO-4847-ao_aa_exp","experimentVariant":"control"},{"weight":1,"value":"variant","experimentKey":"CAO-4847-ao_aa_exp","experimentVariant":"variant"}]}]}}},{"key":"jet-consumerweb::ao_wk_aa_exp","valueType":"string","defaultValueRules":[{"restrictions":{"in":["IE","UK","ES","IT","AU"],"property":"Country"},"value":"reserve"}],"evaluationLogic":{"type":"IdHash","detail":{"bucketBy":"AnonUserId","prefix":"ao_wk_aa_exp_20250520","rules":[{"restrictions":{"in":["UK","ES","IT","AU","IE"],"property":"Country"},"audienceFraction":1,"variants":[{"weight":1,"value":"control","experimentKey":"AAAA-0004-ao_wk_aa_exp","experimentVariant":"control"},{"weight":1,"value":"variant","experimentKey":"AAAA-0004-ao_wk_aa_exp","experimentVariant":"variant"}]}]}},"tags":["affects-cache"]},{"key":"jet-consumerweb::appBackButtonBrowserBack","valueType":"bool","defaultValueRules":[{"restrictions":{"in":["UK","ES","AU","IT","IE"],"property":"Country"},"value":true}]},{"key":"jet-consumerweb::assistant_chatbot_extended_item_picker","valueType":"bool","defaultValueRules":[{"restrictions":{"in":["UK","NL"],"property":"Country"},"value":true}]},{"key":"jet-consumerweb::assistant_chatbot_supported_languages","valueType":"string","defaultValueRules":[{"restrictions":{"in":["NL","BE","CH","BG","AT","DE","DK","PL","LU","SK"],"property":"Country"},"value":"en,nl,fr,de,bg,da,pl,sk,be"}]},{"key":"jet-consumerweb::assistantEmojiRating","valueType":"bool","defaultValueRules":[{"restrictions":{"eq":"BE","property":"Country"},"value":false}]},{"key":"jet-consumerweb::assistant_guest_chatbot","valueType":"bool","defaultValueRules":[{"restrictions":{"in":["NL","BE","CH","BG","AT","DE","DK","PL","LU","SK"],"property":"Country"},"value":true}]},{"key":"jet-consumerweb::assistantZendeskMessaging","valueType":"bool","defaultValueRules":[{"restrictions":{"in":["BE","CH","BG","PL","DK","LU","SK","DE","AT"],"property":"Country"},"value":true},{"restrictions":{"eq":"NL","property":"Country"},"value":true}]},{"key":"jet-consumerweb::async-track-event-experiment","valueType":"string","defaultValueRules":[{"restrictions":{"in":["UK","ES"],"property":"Country"},"value":"reserve"},{"restrictions":{"eq":"IE","property":"Country"},"value":"variation_1"}],"evaluationLogic":{"type":"IdHash","detail":{"bucketBy":"AnonUserId","prefix":"async-track-event-experiment","rules":[{"restrictions":{"in":["UK","ES"],"property":"Country"},"audienceFraction":1,"variants":[{"weight":1,"value":"control","experimentKey":"DSW-2016-async-track-event-experiment","experimentVariant":"control"},{"weight":1,"value":"variation_1","experimentKey":"DSW-2016-async-track-event-experiment","experimentVariant":"variation_1"}]}]}}},{"key":"jet-consumerweb::auto_select_site_language","valueType":"bool","defaultValueRules":[{"restrictions":{"in":["AU","CH","DE","ES","PL","UK","SK","AT","IE","IT","DK","NL","LU","BG","BE"],"property":"Country"},"value":true}],"tags":["affects-cache"]},{"key":"jet-consumerweb::basket_summary_sticky","valueType":"string","defaultValueRules":[{"restrictions":{"in":["UK","AT","AU","BE","BG","CH","DE","DK","ES","FR","IE","IT","LU","NL","PL","SK"],"property":"Country"},"value":"control"}]},{"key":"jet-consumerweb::becomeACourier","valueType":"bool","defaultValueRules":[{"restrictions":{"in":["AT","BE","BG","CH","DE","DK","NL","PL","IE","UK","AU","NZ","ES","IT"],"property":"Country"},"value":true},{"restrictions":{"eq":"FR","property":"Country"},"value":false}]},{"key":"jet-consumerweb::brazeAfterOrder","valueType":"bool","defaultValueRules":[{"restrictions":{"in":["LU","FR","IE","PL","NL","UK","AT","BE","BG","CH","DE","DK","NO","SK"],"property":"Country"},"value":false}]},{"key":"jet-consumerweb::brazeCampaignManager","valueType":"bool","defaultValueRules":[{"restrictions":{"in":["LU","FR","IE","UK","AT","BE","BG","CH","DE","DK","NL","NO","PL","SK","ES","IT","AU"],"property":"Country"},"value":true}]},{"key":"jet-consumerweb::brazeDebug","valueType":"bool","defaultValueRules":[{"restrictions":{"eq":"IE","property":"Country"},"value":false}]},{"key":"jet-consumerweb::brazeRewards","valueType":"bool","defaultValueRules":[{"restrictions":{"eq":"AU","property":"Country"},"value":true},{"restrictions":{"in":["UK","IE","IT","ES"],"property":"Country"},"value":true}]},{"key":"jet-consumerweb::brazeSerp","valueType":"bool","defaultValueRules":[{"restrictions":{"in":["AT","BE","CH","BG","DE","DK","FR","LU","NL","NO","PL","IE","SK"],"property":"Country"},"value":true},{"restrictions":{"eq":"UK","property":"Country"},"value":true},{"restrictions":{"eq":"AU","property":"Country"},"value":true}]},{"key":"jet-consumerweb::brazeSerpCards","valueType":"bool","defaultValueRules":[{"restrictions":{"in":["UK","IE","ES","IT","AU"],"property":"Country"},"value":true},{"restrictions":{"and":[{"in":["AT","BE","BG","CH","DE","DK","LU","NL","PL","SK","FR"],"property":"Country"},{"eq":"TRUE","property":"IsOneWeb"}]},"value":true}],"tags":["affects-cache"]},{"key":"jet-consumerweb::cashAmountSelectionDropdown","valueType":"bool","defaultValueRules":[{"restrictions":{"and":[{"in":["AT","BE","BG","CH","DE","DK","FR","LU","NL","NZ","PL","SK"],"property":"Country"},{"eq":"FALSE","property":"IsOneWeb"}]},"value":true},{"restrictions":{"and":[{"in":["IE","UK","ES","IT","AU"],"property":"Country"},{"eq":"FALSE","property":"IsOneWeb"}]},"value":false},{"restrictions":{"and":[{"in":["AT","DE","BE","BG","CH","DK","FR","LU","NL","NZ","PL","SK"],"property":"Country"},{"eq":"TRUE","property":"IsOneWeb"}]},"value":true},{"restrictions":{"and":[{"eq":"IL","property":"Country"},{"eq":"TRUE","property":"IsOneWeb"}]},"value":false}]},{"key":"jet-consumerweb::catalogue_lazy_loaded_categories_enabled","valueType":"bool","defaultValueRules":[{"restrictions":{"in":["AT","AU","BE","BG","CA","CH","DE","DK","ES","IE","IT","LU","NL","PL","UK","SK"],"property":"Country"},"value":false}],"evaluationLogic":{"type":"IdHash","detail":{"bucketBy":"AnonUserId","prefix":"catalogue_lazy_loaded_categories_enabled","rules":[{"restrictions":{"in":["AT","AU","BE","BG","CA","CH","DE","DK","ES","IE","IT","LU","NL","NO","PL","UK","SK"],"property":"Country"},"audienceFraction":1,"variants":[{"weight":1,"value":true}]}]}}},{"key":"jet-consumerweb::categoryGridview","valueType":"bool","defaultValueRules":[{"restrictions":{"in":["AT","LU","BG","CH","DK","SK","BE","PL","NL","DE"],"property":"Country"},"value":true}],"tags":["affects-cache"]},{"key":"jet-consumerweb::checkout_dynamic_service_fees_enabled","valueType":"bool","defaultValueRules":[{"restrictions":{"and":[{"eq":"SK","property":"Country"},{"eq":"TRUE","property":"IsOneWeb"}]},"value":false}]},{"key":"jet-consumerweb::checkoutViewSavedOptions","valueType":"bool","defaultValueRules":[{"restrictions":{"and":[{"in":["NL","UK"],"property":"Country"},{"eq":"TRUE","property":"IsOneWeb"}]},"value":true},{"restrictions":{"and":[{"eq":"PT","property":"Country"},{"eq":"TRUE","property":"IsOneWeb"}]},"value":false}]},{"key":"jet-consumerweb::checkout_web_address_book_disabled","valueType":"bool","defaultValueRules":[{"restrictions":{"eq":"UK","property":"Country"},"value":true}]},{"key":"jet-consumerweb::checkout_web_date_of_birth_enabled","valueType":"bool","defaultValueRules":[{"restrictions":{"and":[{"in":["AU","UK","IE","NL"],"property":"Country"},{"eq":"TRUE","property":"IsOneWeb"}]},"value":true},{"restrictions":{"and":[{"eq":"PL","property":"Country"},{"eq":"TRUE","property":"IsOneWeb"}]},"value":false}],"evaluationLogic":{"type":"IdHash","detail":{"bucketBy":"AnonUserId","prefix":"checkout_web_date_of_birth_enabled","rules":[{"restrictions":{"and":[{"eq":"PL","property":"Country"},{"eq":"TRUE","property":"IsOneWeb"}]},"audienceFraction":1,"variants":[{"weight":1,"value":true}]}]}},"tags":["affects-cache"]},{"key":"jet-consumerweb::checkout_web_id_age_verification_enabled","valueType":"bool","defaultValueRules":[{"restrictions":{"and":[{"eq":"DK","property":"Country"},{"eq":"TRUE","property":"IsOneWeb"}]},"value":true},{"restrictions":{"eq":"AU","property":"Country"},"value":false}]},{"key":"jet-consumerweb::checkout_web_lightning_enabled","valueType":"bool","defaultValueRules":[{"restrictions":{"and":[{"in":["AT","AU","BE","BG","CH","DE","DK","ES","FR","IE","IT","LU","NL","PL","UK"],"property":"Country"},{"eq":"TRUE","property":"IsOneWeb"}]},"value":false}],"evaluationLogic":{"type":"IdHash","detail":{"bucketBy":"AnonUserId","prefix":"checkout_web_lightning_enabled_20250424","rules":[{"restrictions":{"in":["AT","BE","BG","CH","DE","DK","ES","IE","IT","LU","NL","PL","UK","SK"],"property":"Country"},"audienceFraction":1,"variants":[{"weight":0,"value":false,"experimentKey":"CHK-5549-checkout_web_lightning_enabled","experimentVariant":"control"},{"weight":1,"value":true,"experimentKey":"CHK-5549-checkout_web_lightning_enabled","experimentVariant":"variant"}]},{"restrictions":{"eq":"AU","property":"Country"},"audienceFraction":1,"variants":[{"weight":1,"value":false,"experimentKey":"CHK-5549-checkout_web_lightning_enabled","experimentVariant":"control"},{"weight":1,"value":true,"experimentKey":"CHK-5549-checkout_web_lightning_enabled","experimentVariant":"variant"}]}]}},"tags":["affects-cache"]},{"key":"jet-consumerweb::checkout_web_new_id_age_verification_enabled","valueType":"bool","defaultValueRules":[{"restrictions":{"and":[{"eq":"DK","property":"Country"},{"eq":"TRUE","property":"IsOneWeb"}]},"value":true}],"tags":["affects-cache"]},{"key":"jet-consumerweb::checkout_web_third_party_id_age_verification_enabled","valueType":"bool","defaultValueRules":[{"restrictions":{"and":[{"eq":"DK","property":"Country"},{"eq":"TRUE","property":"IsOneWeb"}]},"value":true}],"tags":["affects-cache"]},{"key":"jet-consumerweb::clearFiltersUX","valueType":"bool","defaultValueRules":[{"restrictions":{"in":["UK","IE","ES","IT","AU"],"property":"Country"},"value":true}]},{"key":"jet-consumerweb::consumerhelpweb-snowplow-enabled","valueType":"bool","defaultValueRules":[{"restrictions":{"in":["PT","NZ"],"property":"Country"},"value":false},{"restrictions":{"in":["AU","ES","IE","IT","UK"],"property":"Country"},"value":true}],"tags":["affects-cache"]},{"key":"jet-consumerweb::corporateOrdering","valueType":"bool","defaultValueRules":[{"restrictions":{"in":["AT","BE","BG","CH","DE","DK","FR","NL","PL","LU","IE","UK","ES","IT","NZ","AU"],"property":"Country"},"value":true}]},{"key":"jet-consumerweb::cuisine_images_l_tkwy","valueType":"string","defaultValueRules":[{"restrictions":{"eq":"SK","property":"Country"},"value":"reserve"}],"evaluationLogic":{"type":"IdHash","detail":{"bucketBy":"AnonUserId","prefix":"cuisine_images_l_tkwy","rules":[{"restrictions":{"in":["DE","BE","BG","CH","DK","AT","NL","PL","FR","LU","SK"],"property":"Country"},"audienceFraction":1,"variants":[{"weight":0,"value":"control","experimentKey":"EX-2166-cuisine_images_l_tkwy","experimentVariant":"control"},{"weight":100,"value":"variation_1","experimentKey":"EX-2166-cuisine_images_l_tkwy","experimentVariant":"variant"}]}]}}},{"key":"jet-consumerweb::customer_courier_chat_enabled","valueType":"bool","defaultValueRules":[{"restrictions":{"in":["UK","IE","AU"],"property":"Country"},"value":true},{"restrictions":{"in":["AT","BE","BG","CA","CH","DE","DK","ES","FR","IL","IT","LU","NL","NO","NZ","PL","PT","SK"],"property":"Country"},"value":false}],"evaluationLogic":{"type":"IdHash","detail":{"bucketBy":"AnonUserId","prefix":"courier_chat_web","rules":[{"restrictions":{"in":["DK","CH","PL"],"property":"Country"},"audienceFraction":1,"variants":[{"weight":1,"value":true}]},{"restrictions":{"in":["LU","BE","BG"],"property":"Country"},"audienceFraction":1,"variants":[{"weight":1,"value":true}]},{"restrictions":{"in":["DE","AT"],"property":"Country"},"audienceFraction":1,"variants":[{"weight":1,"value":true}]},{"restrictions":{"in":["NL","SK"],"property":"Country"},"audienceFraction":1,"variants":[{"weight":1,"value":true}]}]}}},{"key":"jet-consumerweb::deliveredByJetIndicator","valueType":"bool","defaultValueRules":[{"restrictions":{"eq":"PL","property":"Country"},"value":true}]},{"key":"jet-consumerweb::delivery_and_collection_fee","valueType":"bool","defaultValueRules":[{"restrictions":{"in":["CH","IE","ES","BG","SK","NL","DE","BE","AT","DK","LU","PL"],"property":"Country"},"value":true}]},{"key":"jet-consumerweb::deliveryFeeRanges","valueType":"bool","defaultValueRules":[{"restrictions":{"and":[{"in":["UK","ES","IE","IT","AU","AT","BE","BG","CA","CH","DE","DK","LU","NL","PL","SK"],"property":"Country"},{"eq":"TRUE","property":"IsOneWeb"}]},"value":true}]},{"key":"jet-consumerweb::deliveryWithBenefitFeeRanges","valueType":"bool","defaultValueRules":[{"restrictions":{"in":["ES","IE","IT","UK","AU"],"property":"Country"},"value":true}]},{"key":"jet-consumerweb::discountedItemWithNewPrice","valueType":"bool","defaultValueRules":[{"restrictions":{"in":["UK","IE","ES","IT","AU","AT","BE","BG","CA","CH","DE","DK","FR","IL","LU","NL","NO","NZ","PL","PT","SK"],"property":"Country"},"value":true}],"tags":["affects-cache"]},{"key":"jet-consumerweb::displayDailyCalorieIntakeMessage","valueType":"bool","defaultValueRules":[{"restrictions":{"in":["UK","AU"],"property":"Country"},"value":true}]},{"key":"jet-consumerweb::drsSearchResults","valueType":"bool","defaultValueRules":[{"restrictions":{"eq":"IE","property":"Country"},"value":true}]},{"key":"jet-consumerweb::drsSearchResultsExp","valueType":"string","defaultValueRules":[{"restrictions":{"in":["DE","IE"],"property":"Country"},"value":"variation_1"}]},{"key":"jet-consumerweb::enableEmailChange","valueType":"bool","defaultValueRules":[{"restrictions":{"and":[{"in":["BE","NL","PL","LU","AT","BG","CH","DE","DK","SK"],"property":"Country"},{"eq":"TRUE","property":"IsOneWeb"}]},"value":true}]},{"key":"jet-consumerweb::facebookSignIn","valueType":"bool","defaultValueRules":[{"restrictions":{"in":["AT","BE","BG","CH","DE","DK","FR","PL","NL","LU","IE","UK","ES","SK","AU"],"property":"Country"},"value":true}]},{"key":"jet-consumerweb::faqSection","valueType":"bool","defaultValueRules":[{"restrictions":{"eq":"CH","property":"Country"},"value":true}]},{"key":"jet-consumerweb::fsaBadge","valueType":"bool","defaultValueRules":[{"restrictions":{"eq":"UK","property":"Country"},"value":true}]},{"key":"jet-consumerweb::giftCardShop","valueType":"bool","defaultValueRules":[{"restrictions":{"in":["AT","BE","CH","DE","FR","NL","PL","DK","BG"],"property":"Country"},"value":true}]},{"key":"jet-consumerweb::globalAuthIreland","valueType":"bool","defaultValueRules":[{"restrictions":{"and":[{"eq":"IE","property":"Country"},{"eq":"TRUE","property":"IsOneWeb"}]},"value":false}],"evaluationLogic":{"type":"IdHash","detail":{"bucketBy":"AnonUserId","prefix":"globalAuthIreland","rules":[{"restrictions":{"and":[{"eq":"IE","property":"Country"},{"eq":"TRUE","property":"IsOneWeb"}]},"audienceFraction":1,"variants":[{"weight":1,"value":true}]}]}},"tags":["affects-cache"]},{"key":"jet-consumerweb::globalFeedback","valueType":"bool","defaultValueRules":[{"restrictions":{"in":["DE","NL","PL","FR","DK","CH","BE","BG","AT","IE"],"property":"Country"},"value":true},{"restrictions":{"eq":"SK","property":"Country"},"value":false}]},{"key":"jet-consumerweb::googleSignIn","valueType":"bool","defaultValueRules":[{"restrictions":{"in":["AT","BE","BG","CH","DE","DK","FR","LU","NL","PL","IE","ES","SK","AU","UK","IT"],"property":"Country"},"value":true}]},{"key":"jet-consumerweb::granularCookieBanner","valueType":"bool","defaultValueRules":[{"restrictions":{"in":["DK","IE","ES","IT","FR","AU","AT","DE","BE","BG","CH","LU","NL","PL","SK","UK"],"property":"Country"},"value":true}]},{"key":"jet-consumerweb::groceryFlinkCustomCategoryImageEnabled","valueType":"bool","defaultValueRules":[{"restrictions":{"eq":"DE","property":"Country"},"value":true}]},{"key":"jet-consumerweb::groceryGoogleShoppingEnabled","valueType":"bool","defaultValueRules":[{"restrictions":{"eq":"UK","property":"Country"},"value":true}]},{"key":"jet-consumerweb::groceryGoogleShoppingSearchStoresEnabled","valueType":"bool","defaultValueRules":[{"restrictions":{"eq":"UK","property":"Country"},"value":false}]},{"key":"jet-consumerweb::groceryItemsGridview","valueType":"bool","defaultValueRules":[{"restrictions":{"in":["DK","BE","AT","BG","FR","LU","NL","PL","CH","DE","UK","SK","AU","ES","IT","IE"],"property":"Country"},"value":true}],"tags":["affects-cache"]},{"key":"jet-consumerweb::grocery_limit_rendered_items_for_bots","valueType":"int","defaultValueRules":[{"restrictions":{"in":["ES","IE","IT","UK","DE","AT","BE","BG","CH","DK","FR","LU","NL","PL","SK"],"property":"Country"},"value":10}]},{"key":"jet-consumerweb::groceryRoute","valueType":"bool","defaultValueRules":[{"restrictions":{"in":["NL","DE","AT","BE","FR","BG","PL","CH","DK","LU","SK"],"property":"Country"},"value":false}]},{"key":"jet-consumerweb::grocery_single_category_view_enabled","valueType":"string","defaultValueRules":[{"restrictions":{"in":["AT","BE","BG","CH","DE","DK","FR","IE","LU","NL","PL","UK","ES","IT","AU","SK"],"property":"Country"},"value":"variation_1"}],"tags":["affects-cache"]},{"key":"jet-consumerweb::grocery_ssr_enabled","valueType":"bool","defaultValueRules":[{"restrictions":{"in":["BE","CH","DK","PL","BG","FR","AT","NL","DE","LU","SK"],"property":"Country"},"value":false}],"tags":["affects-cache"]},{"key":"jet-consumerweb::guest_registration_flow_enabled","valueType":"bool","defaultValueRules":[{"restrictions":{"and":[{"in":["UK","AT","DE","CH","DK","NL","BE","BG","LU"],"property":"Country"},{"eq":"TRUE","property":"IsOneWeb"}]},"value":true}]},{"key":"jet-consumerweb::hide_cookie_banner","valueType":"bool","defaultValueRules":[{"restrictions":{"eq":"AU","property":"Country"},"value":true}]},{"key":"jet-consumerweb::hideHardcodeForWalkingSkeleton","valueType":"bool","defaultValueRules":[{"restrictions":{"in":["AU","ES","UK","IE","IT","NZ"],"property":"Country"},"value":true}]},{"key":"jet-consumerweb::hideOfflineItemsForGroceries","valueType":"bool","defaultValueRules":[{"restrictions":{"in":["UK","DE","NL","SK","IT","ES","BG"],"property":"Country"},"value":true}]},{"key":"jet-consumerweb::hm_aa_exp","valueType":"string","defaultValueRules":[{"restrictions":{"in":["UK","ES","IE","AU","IT"],"property":"Country"},"value":"reserve"}],"evaluationLogic":{"type":"IdHash","detail":{"bucketBy":"AnonUserId","prefix":"hm_aa_exp_20250520","rules":[{"restrictions":{"in":["UK","ES","IE","AU","IT"],"property":"Country"},"audienceFraction":1,"variants":[{"weight":1,"value":"control","experimentKey":"SFR-6361-hm_aa_exp","experimentVariant":"control"},{"weight":1,"value":"variant","experimentKey":"SFR-6361-hm_aa_exp","experimentVariant":"variant"}]}]}}},{"key":"jet-consumerweb::hm_wk_aa_exp","valueType":"string","defaultValueRules":[{"restrictions":{"in":["UK","IE","ES","AU","IT"],"property":"Country"},"value":"reserve"}],"evaluationLogic":{"type":"IdHash","detail":{"bucketBy":"AnonUserId","prefix":"hm_wk_aa_exp_20250520","rules":[{"restrictions":{"in":["UK","IE","ES","AU","IT"],"property":"Country"},"audienceFraction":1,"variants":[{"weight":1,"value":"control","experimentKey":"AAAA-0000-hm_wk_aa_exp","experimentVariant":"control"},{"weight":1,"value":"variant","experimentKey":"AAAA-0000-hm_wk_aa_exp","experimentVariant":"variant"}]}]}},"tags":["affects-cache"]},{"key":"jet-consumerweb::hygieneFilter","valueType":"bool","defaultValueRules":[{"restrictions":{"eq":"UK","property":"Country"},"value":true}]},{"key":"jet-consumerweb::isChallengeEnabled","valueType":"bool","defaultValueRules":[{"restrictions":{"and":[{"eq":"SK","property":"Country"},{"eq":"TRUE","property":"IsOneWeb"}]},"value":true},{"restrictions":{"and":[{"in":["AT","AU","BE","BG","CA","CH","DE","DK","ES","FR","IE","IL","IT","LU","NL","NO","NZ","PL","UK","PT"],"property":"Country"},{"eq":"TRUE","property":"IsOneWeb"}]},"value":true}]},{"key":"jet-consumerweb::isClientSearchRequired","valueType":"bool","defaultValueRules":[{"restrictions":{"eq":"PT","property":"Country"},"value":true}]},{"key":"jet-consumerweb::isDynamicDeliveryFeeEnabled","valueType":"bool","defaultValueRules":[{"restrictions":{"in":["AT","BE","AU","BG","CA","CH","DE","DK","ES","FR","IE","IL","IT","LU","NO","NZ","PL","UK","NL","SK"],"property":"Country"},"value":true}]},{"key":"jet-consumerweb::isGoogleAndApplePayEnabled","valueType":"bool","defaultValueRules":[{"restrictions":{"and":[{"eq":"SK","property":"Country"},{"eq":"TRUE","property":"IsOneWeb"}]},"value":true},{"restrictions":{"and":[{"in":["AT","AU","BE","BG","CA","CH","DE","DK","ES","FR","IE","IL","IT","LU","NL","NO","NZ","PL","UK","PT"],"property":"Country"},{"eq":"TRUE","property":"IsOneWeb"}]},"value":true}]},{"key":"jet-consumerweb::isStandardisedPaymentFlowEnabled","valueType":"bool","defaultValueRules":[{"restrictions":{"in":["AT","BE","BG","DE","DK","CH","PT","PL","NL","FR","NO","LU"],"property":"Country"},"value":true}]},{"key":"jet-consumerweb::itemNameSticky","valueType":"bool","defaultValueRules":[{"restrictions":{"and":[{"in":["IE","UK","ES","IT","AU","AT","BE","BG","CA","CH","DE","DK","LU","NL","PL","SK"],"property":"Country"},{"eq":"TRUE","property":"IsOneWeb"}]},"value":true}]},{"key":"jet-consumerweb::keepSODataOnReturnToRL","valueType":"int","defaultValueRules":[{"restrictions":{"in":["IE","UK","AU"],"property":"Country"},"value":15}]},{"key":"jet-consumerweb::languageSelector","valueType":"bool","defaultValueRules":[{"restrictions":{"in":["AT","BE","BG","CH","DE","DK","FR","IL","LU","NL","PL","SK","ES"],"property":"Country"},"value":true}]},{"key":"jet-consumerweb::lazyExpKeepDiscoveryStore","valueType":"string","defaultValueRules":[{"restrictions":{"in":["IE","UK"],"property":"Country"},"value":"reserve"}],"evaluationLogic":{"type":"IdHash","detail":{"bucketBy":"AnonUserId","prefix":"lazyExpKeepDiscoveryStore","rules":[{"restrictions":{"eq":"IE","property":"Country"},"audienceFraction":1,"variants":[{"weight":1,"value":"control","experimentKey":"SDISCO-2255-lazyExpKeepDiscoveryStore","experimentVariant":"control"},{"weight":1,"value":"variation_1","experimentKey":"SDISCO-2255-lazyExpKeepDiscoveryStore","experimentVariant":"variation_1"}]}]}},"tags":["affects-cache"]},{"key":"jet-consumerweb::lazy_menu_item_selector_ui_updates","valueType":"bool","defaultValueRules":[{"restrictions":{"and":[{"in":["AT","BE","BG","CH","DE","DK","LU","NL","PL","SK","UK","ES","IT","AU","IE"],"property":"Country"},{"eq":"TRUE","property":"IsOneWeb"}]},"value":true}],"evaluationLogic":{"type":"IdHash","detail":{"bucketBy":"AnonUserId","prefix":"lazy_menu_item_selector_ui_updates_20241014","rules":[{"restrictions":{"in":["AU","UK","ES","IT"],"property":"Country"},"audienceFraction":1,"variants":[{"weight":0,"value":false,"experimentKey":"EX-2225-lazy_menu_item_selector_ui_updates","experimentVariant":"control"},{"weight":1,"value":true,"experimentKey":"EX-2225-lazy_menu_item_selector_ui_updates","experimentVariant":"variant"}]},{"restrictions":{"eq":"IE","property":"Country"},"audienceFraction":1,"variants":[{"weight":1,"value":false,"experimentKey":"EX-2225-lazy_menu_item_selector_ui_updates","experimentVariant":"control"},{"weight":1,"value":true,"experimentKey":"EX-2225-lazy_menu_item_selector_ui_updates","experimentVariant":"variant"}]}]}}},{"key":"jet-consumerweb::lazy_test_experiment","valueType":"string","defaultValueRules":[{"restrictions":{"eq":"DE","property":"Country"},"value":"default production value"}],"evaluationLogic":{"type":"IdHash","detail":{"bucketBy":"AnonUserId","prefix":"Test Lazy Experiment","rules":[{"restrictions":{"eq":"DE","property":"Country"},"audienceFraction":1,"variants":[{"weight":1,"value":"control","experimentKey":"EX-000-Test Lazy Experiment","experimentVariant":"control"},{"weight":1,"value":"variation_1","experimentKey":"EX-000-Test Lazy Experiment","experimentVariant":"variant"}]}]}},"tags":["affects-cache"]},{"key":"jet-consumerweb::limitedReviewNumber","valueType":"int","defaultValueRules":[{"restrictions":{"in":["UK","IE","PL","DE","LU","NL","BE","BG","FR","DK","AT","CH","ES","IT","AU","SK"],"property":"Country"},"value":200}]},{"key":"jet-consumerweb::localLegendsOW","valueType":"bool","defaultValueRules":[{"restrictions":{"in":["UK","IE","ES","IT","AU"],"property":"Country"},"value":true}]},{"key":"jet-consumerweb::loginHeaderButton","valueType":"bool","defaultValueRules":[{"restrictions":{"in":["UK","IT","ES","AU","DE","AT","PL","NL","BE","BG","DK","LU","CH","SK","IE"],"property":"Country"},"value":true}]},{"key":"jet-consumerweb::ls-checkout-default-address","valueType":"bool","defaultValueRules":[{"restrictions":{"and":[{"in":["AT","AU","BE","BG","CH","DE","DK","ES","IE","IT","LU","NL","PL","UK","SK"],"property":"Country"},{"eq":"TRUE","property":"IsOneWeb"}]},"value":true}]},{"key":"jet-consumerweb::ls-fetch-serp-by-full-canonical-name","valueType":"bool","defaultValueRules":[{"restrictions":{"eq":"AU","property":"Country"},"value":true},{"restrictions":{"and":[{"in":["AT","DE"],"property":"Country"},{"eq":"TRUE","property":"IsOneWeb"}]},"value":true}],"tags":["affects-cache"]},{"key":"jet-consumerweb::ls_use_byslug_plapi","valueType":"bool","defaultValueRules":[{"restrictions":{"and":[{"in":["AT","DE","NL","BG","CH","BE","DK","PL","LU","SK","AU","ES","IE","IT","UK"],"property":"Country"},{"eq":"TRUE","property":"IsOneWeb"}]},"value":true}],"tags":["affects-cache"]},{"key":"jet-consumerweb::max_quantity_restriction","valueType":"bool","defaultValueRules":[{"restrictions":{"in":["UK","IT","IE","AU","ES"],"property":"Country"},"value":true}],"tags":["affects-cache"]},{"key":"jet-consumerweb::measure_interaction_performance","valueType":"string","defaultValueRules":[{"restrictions":{"in":["AT","AU","BE","BG","CA","CH","DE","DK","ES","FR","IE","IL","IT","LU","NL","NO","NZ","PL","UK"],"property":"Country"},"value":"control"}]},{"key":"jet-consumerweb::membershipsPage","valueType":"bool","defaultValueRules":[{"restrictions":{"and":[{"eq":"UK","property":"Country"},{"eq":"TRUE","property":"IsOneWeb"}]},"value":false}],"evaluationLogic":{"type":"IdHash","detail":{"bucketBy":"AnonUserId","prefix":"otpPurchase-and-membershipsPage","rules":[{"restrictions":{"and":[{"eq":"UK","property":"Country"},{"eq":"TRUE","property":"IsOneWeb"}]},"audienceFraction":1,"variants":[{"weight":1,"value":true}]},{"restrictions":{"eq":"AU","property":"Country"},"audienceFraction":1,"variants":[{"weight":0,"value":false,"experimentKey":"CACT-3557-otpPurchase-and-membershipsPage","experimentVariant":"control"},{"weight":100,"value":true,"experimentKey":"CACT-3557-otpPurchase-and-membershipsPage","experimentVariant":"variant"}]}]}}},{"key":"jet-consumerweb::menu_activate_single_category_view_on_minimum_rendered_items_value","valueType":"int","defaultValueRules":[{"restrictions":{"and":[{"in":["AT","AU","BE","BG","CA","CH","DE","DK","ES","IE","IT","LU","NL","PL","UK","SK"],"property":"Country"},{"eq":"TRUE","property":"IsOneWeb"}]},"value":500}],"tags":["affects-cache"]},{"key":"jet-consumerweb::menu_alcohol_requirements_enabled","valueType":"bool","defaultValueRules":[{"restrictions":{"eq":"AU","property":"Country"},"value":true}]},{"key":"jet-consumerweb::menu_basket_lightning_cross_sell","valueType":"bool","defaultValueRules":[{"restrictions":{"in":["IE","UK","ES","IT","AU"],"property":"Country"},"value":true}]},{"key":"jet-consumerweb::menu_benefit_minimum_order_value","valueType":"int","defaultValueRules":[{"restrictions":{"eq":"ES","property":"Country"},"value":1500},{"restrictions":{"eq":"AU","property":"Country"},"value":1300}]},{"key":"jet-consumerweb::menu_bot_ssr_timeout","valueType":"int","defaultValueRules":[{"restrictions":{"and":[{"in":["UK","IE","IT","ES","AU","AT","BE","BG","CA","CH","DE","DK","LU","NL","PL","SK"],"property":"Country"},{"eq":"TRUE","property":"IsOneWeb"}]},"value":1500}],"tags":["affects-cache"]},{"key":"jet-consumerweb::menu_category_lazy_loading_enabled","valueType":"bool","defaultValueRules":[{"restrictions":{"in":["AT","BG","CH","DE","DK","FR","IE","IT","LU","NL","NO","PL","UK","PT","SK","BE","ES","AU","CA"],"property":"Country"},"value":false}]},{"key":"jet-consumerweb::menu_colophon_enabled","valueType":"bool","defaultValueRules":[{"restrictions":{"in":["AT","AU","BE","BG","CH","DK","ES","FR","IE","IT","LU","NL","PL","UK","DE","SK"],"property":"Country"},"value":true}]},{"key":"jet-consumerweb::menu_cross_sell_screen_enabled","valueType":"bool","defaultValueRules":[{"restrictions":{"and":[{"eq":"UK","property":"Country"},{"eq":"TRUE","property":"IsOneWeb"}]},"value":false}]},{"key":"jet-consumerweb::menu_display_deposit","valueType":"bool","defaultValueRules":[{"restrictions":{"in":["IE","DE","SK","AT","NL"],"property":"Country"},"value":true}]},{"key":"jet-consumerweb::menu_drone_delivery_configuration_v2","valueType":"composite","defaultValueRules":[{"restrictions":{"eq":"IE","property":"Country"},"value":{"isDroneDeliveryEnabled":true,"partnerPair1":"boojum-blanchardstown-dublin:boojum-manna-dublin15","partnerPair2":"offbeat-donuts-blanchardstown-dublin-15:offbeat-donuts-drone-blanchardstown-dublin","partnerPair3":"kake-dublin:kake--delivered-by-drone-dublin","partnerPair4":"londis-blanchardstown-dublin-15:londis-blanchardstown--delivered-by-blanchardstown","partnerPair5":"desi-bavarchi-dublin:desi-bavarchi--delivered-by-drone-blanchardstown","partnerPair6":"","partnerPair7":"","partnerPair8":"","partnerPair9":"","partnerPair10":""}}]},{"key":"jet-consumerweb::menu_dsa_fee_transparency_enabled","valueType":"bool","defaultValueRules":[{"restrictions":{"in":["ES","IT","IE","NL","BE","BG","FR","DK","DE","PL","LU","SK","AT","UK"],"property":"Country"},"value":true}]},{"key":"jet-consumerweb::menu_dynamic_api_on_client_enabled","valueType":"bool","defaultValueRules":[{"restrictions":{"and":[{"in":["IE","UK","ES","AU","IT","AT","BE","BG","CA","CH","DE","DK","LU","NL","PL","SK"],"property":"Country"},{"eq":"TRUE","property":"IsOneWeb"}]},"value":true}]},{"key":"jet-consumerweb::menu_favourite_icon_at_header_enabled","valueType":"bool","defaultValueRules":[{"restrictions":{"and":[{"in":["AT","NL","BE","BG","DK","FR","DE","LU","PL","CH"],"property":"Country"},{"eq":"FALSE","property":"IsOneWeb"}]},"value":true}]},{"key":"jet-consumerweb::menuFiveGuysCustomAllergenTextEnabled","valueType":"bool","defaultValueRules":[{"restrictions":{"eq":"UK","property":"Country"},"value":true}]},{"key":"jet-consumerweb::menu_force_waiting_for_dynamic_menu_enabled","valueType":"bool","defaultValueRules":[{"restrictions":{"and":[{"in":["IE","ES","UK","IT","AU","AT","BE","BG","CA","CH","DE","DK","LU","NL","PL","SK"],"property":"Country"},{"eq":"TRUE","property":"IsOneWeb"}]},"value":true}]},{"key":"jet-consumerweb::menu_group_ordering_app_only_landing_page_enabled","valueType":"bool","defaultValueRules":[{"restrictions":{"eq":"SK","property":"Country"},"value":false}],"tags":["affects-cache"]},{"key":"jet-consumerweb::menu_group_ordering_groceries_enabled","valueType":"bool","defaultValueRules":[{"restrictions":{"and":[{"in":["UK","IE","IT","ES","SK"],"property":"Country"},{"eq":"TRUE","property":"IsOneWeb"}]},"value":true},{"restrictions":{"and":[{"in":["AT","DE","NL","CH","DK","BE","BG","LU","AU","PL"],"property":"Country"},{"eq":"TRUE","property":"IsOneWeb"}]},"value":true}],"tags":["affects-cache"]},{"key":"jet-consumerweb::menu_group_ordering_initiation_enabled","valueType":"bool","defaultValueRules":[{"restrictions":{"and":[{"in":["UK","AT","NL","DE"],"property":"Country"},{"eq":"TRUE","property":"IsOneWeb"}]},"value":false}],"evaluationLogic":{"type":"IdHash","detail":{"bucketBy":"AnonUserId","prefix":"universal_menu_group_ordering_initiation_experiment","rules":[{"restrictions":{"and":[{"in":["UK","AT","NL","DE","CH","DK","ES","IE","IT","SK"],"property":"Country"},{"eq":"TRUE","property":"IsOneWeb"}]},"audienceFraction":1,"variants":[{"weight":1,"value":true}]},{"restrictions":{"and":[{"in":["BG","BE","LU"],"property":"Country"},{"eq":"TRUE","property":"IsOneWeb"}]},"audienceFraction":1,"variants":[{"weight":1,"value":true}]},{"restrictions":{"and":[{"in":["AU","PL"],"property":"Country"},{"eq":"TRUE","property":"IsOneWeb"}]},"audienceFraction":1,"variants":[{"weight":1,"value":true}]}]}}},{"key":"jet-consumerweb::menu_group_ordering_participation_enabled","valueType":"bool","defaultValueRules":[{"restrictions":{"and":[{"in":["UK","AT","NL","DE","ES","IE","IT","BE","CH","DK","LU","BG","SK","AU","PL"],"property":"Country"},{"eq":"TRUE","property":"IsOneWeb"}]},"value":true}]},{"key":"jet-consumerweb::menu_group_ordering_pharmacies_enabled","valueType":"bool","defaultValueRules":[{"restrictions":{"and":[{"in":["UK","IE","IT","ES","NL","AT","DE","BE","CH","DK","LU","BG","SK","AU","PL"],"property":"Country"},{"eq":"TRUE","property":"IsOneWeb"}]},"value":true}],"tags":["affects-cache"]},{"key":"jet-consumerweb::menu_group_ordering_share_my_balance_enabled","valueType":"bool","defaultValueRules":[{"restrictions":{"and":[{"in":["UK","NL","AT","DE","IT","ES","IE","BE","CH","DK","LU","BG","SK","PL","AU"],"property":"Country"},{"eq":"TRUE","property":"IsOneWeb"}]},"value":true}]},{"key":"jet-consumerweb::menu_header_about_us_button","valueType":"string","defaultValueRules":[{"restrictions":{"eq":"DE","property":"Country"},"value":"variation_1"},{"restrictions":{"in":["AT","CH","DK","ES","CA","FR","IE","IL","IT","LU","NL","NO","NZ","PL","UK","PT","SK","BG","BE","AU"],"property":"Country"},"value":"control"}],"evaluationLogic":{"type":"IdHash","detail":{"bucketBy":"AnonUserId","prefix":"menu_header_about_us_button","rules":[{"restrictions":{"eq":"DE","property":"Country"},"audienceFraction":1,"variants":[{"weight":0,"value":"control","experimentKey":"MENUVS-3959-menu_header_about_us_button","experimentVariant":"control"},{"weight":100,"value":"variation_1","experimentKey":"MENUVS-3959-menu_header_about_us_button","experimentVariant":"variant"}]}]}}},{"key":"jet-consumerweb::menuHeaderTraderDeclaration","valueType":"bool","defaultValueRules":[{"restrictions":{"eq":"PL","property":"Country"},"value":true}]},{"key":"jet-consumerweb::menu_hero_optimisation","valueType":"bool","defaultValueRules":[{"restrictions":{"in":["UK","IE","ES"],"property":"Country"},"value":true}]},{"key":"jet-consumerweb::menu_hero_optimisation_exp","valueType":"string","defaultValueRules":[{"restrictions":{"in":["UK","IE"],"property":"Country"},"value":"reserve"}],"evaluationLogic":{"type":"IdHash","detail":{"bucketBy":"AnonUserId","prefix":"menu_hero_optimisation_exp","rules":[{"restrictions":{"in":["UK","IE"],"property":"Country"},"audienceFraction":1,"variants":[{"weight":1,"value":"control","experimentKey":"DSW-1743-menu_hero_optimisation_exp","experimentVariant":"control"},{"weight":1,"value":"variation_1","experimentKey":"DSW-1743-menu_hero_optimisation_exp","experimentVariant":"variation_1"}]}]}}},{"key":"jet-consumerweb::menu_hygiene_rating_enabled","valueType":"bool","defaultValueRules":[{"restrictions":{"in":["DK","UK"],"property":"Country"},"value":true}]},{"key":"jet-consumerweb::menu_is_omnibus_review_and_trading_partner_disabled","valueType":"bool","defaultValueRules":[{"restrictions":{"eq":"AU","property":"Country"},"value":true}]},{"key":"jet-consumerweb::menu_is_preorder_modal_visible","valueType":"bool","defaultValueRules":[{"restrictions":{"and":[{"in":["IE","UK","ES","AU","IT"],"property":"Country"},{"eq":"TRUE","property":"IsOneWeb"}]},"value":true}],"tags":["affects-cache"]},{"key":"jet-consumerweb::menu_item_new_card_ui","valueType":"bool","defaultValueRules":[{"restrictions":{"and":[{"in":["AT","AU","BE","BG","CA","CH","DE","DK","ES","IE","IT","LU","NL","PL","UK","SK"],"property":"Country"},{"eq":"TRUE","property":"IsOneWeb"}]},"value":true}],"tags":["affects-cache"]},{"key":"jet-consumerweb::menu_item_notes_enabled","valueType":"bool","defaultValueRules":[{"restrictions":{"in":["AT","DE","BE","CH","DK","FR","LU","NL","NO","PL","PT","BG","SK"],"property":"Country"},"value":true},{"restrictions":{"in":["ES","IE","IT","UK","AU"],"property":"Country"},"value":false}]},{"key":"jet-consumerweb::menuItemNutritionalInfo","valueType":"bool","defaultValueRules":[{"restrictions":{"in":["UK","IE","AU"],"property":"Country"},"value":true}]},{"key":"jet-consumerweb::menu_item_search","valueType":"bool","defaultValueRules":[{"restrictions":{"and":[{"in":["UK","AU","IE","ES","IT","NZ","AT","BE","BG","CA","CH","DE","DK","LU","NL","PL","SK"],"property":"Country"},{"eq":"TRUE","property":"IsOneWeb"}]},"value":true}]},{"key":"jet-consumerweb::menu_item_selector_deal_variation_image_visible","valueType":"bool","defaultValueRules":[{"restrictions":{"eq":"BG","property":"Country"},"value":false}],"tags":["affects-cache"]},{"key":"jet-consumerweb::menu_item_selector_improvements","valueType":"string","defaultValueRules":[{"restrictions":{"in":["IE","ES","UK","IT","AU"],"property":"Country"},"value":"control"},{"restrictions":{"and":[{"in":["AT","BE","BG","CA","CH","DE","DK","LU","NL","PL","SK"],"property":"Country"},{"eq":"TRUE","property":"IsOneWeb"}]},"value":"variation_1"}]},{"key":"jet-consumerweb::menu_item_selector_notes_enabled","valueType":"bool","defaultValueRules":[{"restrictions":{"in":["AT","BE","BG","CH","DE","DK","LU","NL","PL","SK"],"property":"Country"},"value":false}],"evaluationLogic":{"type":"IdHash","detail":{"bucketBy":"AnonUserId","prefix":"menu_item_selector_notes_enabled_20250519","rules":[{"restrictions":{"in":["AT","BE","BG","CH","DE","DK","LU","NL","PL","SK"],"property":"Country"},"audienceFraction":0.5,"variants":[{"weight":1,"value":false,"experimentKey":"CBSH-3-menu_item_selector_notes_enabled","experimentVariant":"control"},{"weight":1,"value":true,"experimentKey":"CBSH-3-menu_item_selector_notes_enabled","experimentVariant":"variant"}]}]}},"tags":["affects-cache"]},{"key":"jet-consumerweb::menu_items_truncation_enabled","valueType":"bool","defaultValueRules":[{"restrictions":{"and":[{"eq":"AU","property":"Country"},{"eq":"TRUE","property":"IsOneWeb"}]},"value":false},{"restrictions":{"and":[{"in":["UK","IE","IT","ES"],"property":"Country"},{"eq":"TRUE","property":"IsOneWeb"}]},"value":true}],"tags":["affects-cache"]},{"key":"jet-consumerweb::menu_limit_rendered_items_for_bots","valueType":"int","defaultValueRules":[{"restrictions":{"and":[{"in":["ES","IE","IT","UK","AU","AT","BE","BG","CA","CH","DE","DK","LU","NL","PL","SK"],"property":"Country"},{"eq":"TRUE","property":"IsOneWeb"}]},"value":50}]},{"key":"jet-consumerweb::menu_mcdonalds_popups_enabled","valueType":"bool","defaultValueRules":[{"restrictions":{"eq":"UK","property":"Country"},"value":true}]},{"key":"jet-consumerweb::menu_mov_banner_information_enabled","valueType":"bool","defaultValueRules":[{"restrictions":{"and":[{"in":["AT","BE","BG","CA","CH","DE","DK","LU","NL","PL","SK"],"property":"Country"},{"eq":"TRUE","property":"IsOneWeb"}]},"value":true}]},{"key":"jet-consumerweb::menu_multi_language_enabled","valueType":"bool","defaultValueRules":[{"restrictions":{"and":[{"in":["AT","BE","BG","CH","DE","DK","LU","NL","PL","SK"],"property":"Country"},{"eq":"TRUE","property":"IsOneWeb"}]},"value":true}],"tags":["affects-cache"]},{"key":"jet-consumerweb::menu_nutritional_info_icon_as_link_enabled","valueType":"bool","defaultValueRules":[{"restrictions":{"eq":"DE","property":"Country"},"value":true}]},{"key":"jet-consumerweb::menu_nutritional_info_icon_at_item_card_enabled","valueType":"bool","defaultValueRules":[{"restrictions":{"in":["AT","BE","BG","CH","DE","DK","LU","NL","PL","AU","ES","IE","IT","UK","SK"],"property":"Country"},"value":true}]},{"key":"jet-consumerweb::menu_nutritional_info_icon_at_item_selector_content_enabled","valueType":"bool","defaultValueRules":[{"restrictions":{"in":["AT","BE","BG","CH","DE","DK","LU","NL","PL","SK"],"property":"Country"},"value":true}]},{"key":"jet-consumerweb::menu_nutritional_info_icon_at_item_selector_header_enabled","valueType":"bool","defaultValueRules":[{"restrictions":{"in":["AT","BE","BG","CH","DE","DK","LU","NL","PL","AU","CA","ES","IE","IT","UK","SK"],"property":"Country"},"value":true}]},{"key":"jet-consumerweb::menu_nutritional_info_icon_at_showcase_enabled","valueType":"bool","defaultValueRules":[{"restrictions":{"and":[{"eq":"DE","property":"Country"},{"eq":"TRUE","property":"IsOneWeb"}]},"value":true}]},{"key":"jet-consumerweb::menu_nutrition_info_link_enabled","valueType":"bool","defaultValueRules":[{"restrictions":{"eq":"DE","property":"Country"},"value":true}]},{"key":"jet-consumerweb::menu_oneweb_product_info_integration_enabled","valueType":"bool","defaultValueRules":[{"restrictions":{"and":[{"in":["AT","BE","BG","CH","DE","DK","LU","NL","PL","PT","SK"],"property":"Country"},{"eq":"TRUE","property":"IsOneWeb"}]},"value":true}]},{"key":"jet-consumerweb::menu_partner_phone_number_in_product_info_enabled","valueType":"bool","defaultValueRules":[{"restrictions":{"and":[{"eq":"CH","property":"Country"},{"eq":"TRUE","property":"IsOneWeb"}]},"value":true}]},{"key":"jet-consumerweb::menu_product_info_without_details_enabled","valueType":"bool","defaultValueRules":[{"restrictions":{"and":[{"eq":"DE","property":"Country"},{"eq":"TRUE","property":"IsOneWeb"}]},"value":true}],"tags":["affects-cache"]},{"key":"jet-consumerweb::menu_quick_add_enabled","valueType":"bool","defaultValueRules":[{"restrictions":{"in":["DE","NL","IE","UK","AT","BE","BG","DK","FR","LU","NO","PL","ES","IT","CH","AU","SK","CA"],"property":"Country"},"value":true}]},{"key":"jet-consumerweb::menu_restaurant_reviews_limit_enabled","valueType":"bool","defaultValueRules":[{"restrictions":{"in":["UK","IE","AT","BE","BG","CH","DE","DK","FR","LU","NL","PL","IT","ES","AU","SK","CA"],"property":"Country"},"value":true}]},{"key":"jet-consumerweb::menu_service_fee_text_in_indicators_enabled","valueType":"bool","defaultValueRules":[{"restrictions":{"eq":"AU","property":"Country"},"value":true}]},{"key":"jet-consumerweb::menu_service_fee_text_in_info_page","valueType":"bool","defaultValueRules":[{"restrictions":{"eq":"AT","property":"Country"},"value":false}],"tags":["affects-cache"]},{"key":"jet-consumerweb::menu_show_category_shortcut","valueType":"bool","defaultValueRules":[{"restrictions":{"in":["IE","NL","DK","DE","AT","BE","BG","CH","LU","ES","IT","UK","AU","SK","PL","CA"],"property":"Country"},"value":true}]},{"key":"jet-consumerweb::menu_show_grocery_simple_items_in_a_modal","valueType":"bool","defaultValueRules":[{"restrictions":{"in":["DK","BE","AT","BG","FR","LU","PL","DE","NL","CH","SK"],"property":"Country"},"value":true}]},{"key":"jet-consumerweb::menu_show_new_offer_ui","valueType":"bool","defaultValueRules":[{"restrictions":{"in":["UK","IE","ES","IT","AU"],"property":"Country"},"value":true},{"restrictions":{"and":[{"in":["AT","DE","NL","DK","BE","BG","LU","PL","CH","SK"],"property":"Country"},{"eq":"TRUE","property":"IsOneWeb"}]},"value":true}]},{"key":"jet-consumerweb::menu_show_report_link","valueType":"bool","defaultValueRules":[{"restrictions":{"in":["AT","BE","BG","DE","DK","ES","FR","IE","IT","LU","NL","PL","SK"],"property":"Country"},"value":true}]},{"key":"jet-consumerweb::menu_show_variable_service_fee_enabled","valueType":"bool","defaultValueRules":[{"restrictions":{"in":["AU","IT"],"property":"Country"},"value":true}]},{"key":"jet-consumerweb::menuSingleCategoryView","valueType":"bool","defaultValueRules":[{"restrictions":{"and":[{"in":["UK","IE","AT","AU","BE","BG","CA","CH","DE","DK","ES","IT","LU","NL","PL","SK"],"property":"Country"},{"eq":"TRUE","property":"IsOneWeb"}]},"value":true}],"evaluationLogic":{"type":"IdHash","detail":{"bucketBy":"AnonUserId","prefix":"menuSingleCategoryView","rules":[{"restrictions":{"and":[{"in":["UK","ES","IE","AU","IT","AT","BE","BG","CA","CH","DE","DK","LU","NL","PT","SK","PL"],"property":"Country"},{"eq":"TRUE","property":"IsOneWeb"}]},"audienceFraction":1,"variants":[{"weight":1,"value":true}]}]}},"tags":["affects-cache"]},{"key":"jet-consumerweb::menu_snowplow_impressions","valueType":"bool","defaultValueRules":[{"restrictions":{"and":[{"in":["IE","UK","ES","IT","AU","AT","BE","BG","CA","CH","DE","DK","LU","NL","PL","SK"],"property":"Country"},{"eq":"TRUE","property":"IsOneWeb"}]},"value":true}],"evaluationLogic":{"type":"IdHash","detail":{"bucketBy":"AnonUserId","prefix":"menu_snowplow_impressions","rules":[{"restrictions":{"in":["IE","UK","ES","IT","AU"],"property":"Country"},"audienceFraction":1,"variants":[{"weight":1,"value":true}]}]}}},{"key":"jet-consumerweb::menuStarbucksCustomAllergenTextEnabled","valueType":"bool","defaultValueRules":[{"restrictions":{"eq":"UK","property":"Country"},"value":true}]},{"key":"jet-consumerweb::menu_stop_fetch_restaurant_retry_on_ssr_enabled","valueType":"bool","defaultValueRules":[{"restrictions":{"in":["UK","IE","IT","ES"],"property":"Country"},"value":true}],"tags":["affects-cache"]},{"key":"jet-consumerweb::menu_user_ssr_timeout","valueType":"int","defaultValueRules":[{"restrictions":{"and":[{"in":["UK","IE","ES","IT","AU","AT","BE","BG","CA","CH","DE","DK","LU","NL","PL","SK"],"property":"Country"},{"eq":"TRUE","property":"IsOneWeb"}]},"value":1500}],"tags":["affects-cache"]},{"key":"jet-consumerweb::mn_aa_exp","valueType":"string","defaultValueRules":[{"restrictions":{"in":["UK","IE","ES","AU","IT"],"property":"Country"},"value":"reserve"}],"evaluationLogic":{"type":"IdHash","detail":{"bucketBy":"AnonUserId","prefix":"mn_aa_exp_20250520","rules":[{"restrictions":{"in":["UK","IE","ES","AU","IT"],"property":"Country"},"audienceFraction":1,"variants":[{"weight":1,"value":"control","experimentKey":"MENUVS-4788-mn_aa_exp","experimentVariant":"control"},{"weight":1,"value":"variant","experimentKey":"MENUVS-4788-mn_aa_exp","experimentVariant":"variant"}]}]}}},{"key":"jet-consumerweb::mn_wk_aa_exp","valueType":"string","defaultValueRules":[{"restrictions":{"in":["UK","IE","ES","AU","IT"],"property":"Country"},"value":"reserve"}],"evaluationLogic":{"type":"IdHash","detail":{"bucketBy":"AnonUserId","prefix":"mn_wk_aa_exp_20250520","rules":[{"restrictions":{"in":["UK","IE","ES","AU","IT"],"property":"Country"},"audienceFraction":1,"variants":[{"weight":1,"value":"control","experimentKey":"AAAA-0002-mn_wk_aa_exp","experimentVariant":"control"},{"weight":1,"value":"variant","experimentKey":"AAAA-0002-mn_wk_aa_exp","experimentVariant":"variant"}]}]}},"tags":["affects-cache"]},{"key":"jet-consumerweb::newPartnerFilter","valueType":"bool","defaultValueRules":[{"restrictions":{"in":["UK","IE","IT","ES","AU"],"property":"Country"},"value":true}]},{"key":"jet-consumerweb::numeric_stepper_basket","valueType":"string","defaultValueRules":[{"restrictions":{"in":["AT","BE","BG","CH","DE","DK","ES","FR","IT","LU","NL","PL","UK","SK","AU","IE"],"property":"Country"},"value":"variation_1"}]},{"key":"jet-consumerweb::numeric_stepper_item_selector","valueType":"string","defaultValueRules":[{"restrictions":{"in":["AT","AU","BE","BG","CH","DE","DK","ES","FR","IE","IT","LU","NL","PL","UK","SK"],"property":"Country"},"value":"variation_1"}]},{"key":"jet-consumerweb::omnibusImprovement","valueType":"bool","defaultValueRules":[{"restrictions":{"eq":"DE","property":"Country"},"value":true}]},{"key":"jet-consumerweb::oneTimePaymentPage","valueType":"bool","defaultValueRules":[{"restrictions":{"and":[{"eq":"UK","property":"Country"},{"eq":"TRUE","property":"IsOneWeb"}]},"value":false}],"evaluationLogic":{"type":"IdHash","detail":{"bucketBy":"AnonUserId","prefix":"otpPurchase-and-membershipsPage","rules":[{"restrictions":{"and":[{"eq":"UK","property":"Country"},{"eq":"TRUE","property":"IsOneWeb"}]},"audienceFraction":1,"variants":[{"weight":1,"value":true}]},{"restrictions":{"eq":"AU","property":"Country"},"audienceFraction":1,"variants":[{"weight":0,"value":false,"experimentKey":"CACT-3557-otpPurchase-and-membershipsPage","experimentVariant":"control"},{"weight":100,"value":true,"experimentKey":"CACT-3557-otpPurchase-and-membershipsPage","experimentVariant":"variant"}]}]}}},{"key":"jet-consumerweb::oneweb_eks_rollout","valueType":"bool","defaultValueRules":[{"restrictions":{"in":["DE","PL","AT","AU","BE","BG","CH","DK","ES","IE","IT","LU","UK","SK","NL"],"property":"Country"},"value":false}],"evaluationLogic":{"type":"IdHash","detail":{"bucketBy":"AnonUserId","prefix":"oneweb_eks_rollout","rules":[{"restrictions":{"eq":"PL","property":"Country"},"audienceFraction":1,"variants":[{"weight":1,"value":true}]},{"restrictions":{"in":["AT","BE","BG","DE","DK","LU","NL","SK","CH"],"property":"Country"},"audienceFraction":1,"variants":[{"weight":1,"value":true}]},{"restrictions":{"in":["AU","IE","ES","IT","UK"],"property":"Country"},"audienceFraction":1,"variants":[{"weight":1,"value":true}]}]}},"tags":["affects-cache"]},{"key":"jet-consumerweb::oneweb_external_routes_rollout","valueType":"bool","defaultValueRules":[{"restrictions":{"and":[{"eq":"PT","property":"Country"},{"eq":"TRUE","property":"IsOneWeb"}]},"value":true},{"restrictions":{"in":["AT","BE","BG","CH","DE","DK","LU","PL","SK"],"property":"Country"},"value":false}],"evaluationLogic":{"type":"IdHash","detail":{"bucketBy":"AnonUserId","prefix":"oneweb_external_routes_rollout","rules":[{"restrictions":{"and":[{"in":["AT","PL","LU","BG","BE","CH","SK","DK","DE","NL"],"property":"Country"},{"eq":"TRUE","property":"IsOneWeb"}]},"audienceFraction":1,"variants":[{"weight":1,"value":true}]}]}},"tags":["affects-cache"]},{"key":"jet-consumerweb::oneWebFeedback","valueType":"bool","defaultValueRules":[{"restrictions":{"in":["IE","UK","ES","IT","AU"],"property":"Country"},"value":true},{"restrictions":{"and":[{"in":["AT","DE","NL","DK","CH","BE","BG","PL","LU"],"property":"Country"},{"eq":"TRUE","property":"IsOneWeb"}]},"value":true},{"restrictions":{"eq":"SK","property":"Country"},"value":true}]},{"key":"jet-consumerweb::oneweb-rollout","valueType":"bool","defaultValueRules":[{"restrictions":{"in":["IE","ES","UK","IT","AU","LU","BG","BE","CH","DK","AT","DE","NL","PL","SK","PT"],"property":"Country"},"value":true}],"tags":["affects-cache"]},{"key":"jet-consumerweb::oneweb-rollout-cookie-expiration-length","valueType":"int","defaultValueRules":[{"restrictions":{"eq":"UK","property":"Country"},"value":360}],"tags":["affects-cache"]},{"key":"jet-consumerweb::optimistic_menu_item_submission","valueType":"bool","defaultValueRules":[{"restrictions":{"in":["IE","UK","AU","ES","IT"],"property":"Country"},"value":true}]},{"key":"jet-consumerweb::order_alcohol_address_warning","valueType":"bool","defaultValueRules":[{"restrictions":{"and":[{"eq":"AU","property":"Country"},{"eq":"TRUE","property":"IsOneWeb"}]},"value":true}]},{"key":"jet-consumerweb::orderConfirmationPageDetailedPaymentMethods","valueType":"bool","defaultValueRules":[{"restrictions":{"in":["IE","UK","ES","IT","AU"],"property":"Country"},"value":true},{"restrictions":{"and":[{"in":["AT","DE","NL","DK","CH","BE","BG","PL","LU","SK"],"property":"Country"},{"eq":"TRUE","property":"IsOneWeb"}]},"value":true}]},{"key":"jet-consumerweb::orderConfirmationPageOrderAgainInOrderTracker","valueType":"bool","defaultValueRules":[{"restrictions":{"in":["UK","IE","ES","IT","AU","AT","DE","NL","DK","CH","BE","BG","PL","LU","SK"],"property":"Country"},"value":true}]},{"key":"jet-consumerweb::orderConfirmationPageReview","valueType":"bool","defaultValueRules":[{"restrictions":{"and":[{"in":["IE","UK","ES","IT","AU","NL","DE","AT","BG","BE","CH","DK","PL","LU","SK"],"property":"Country"},{"eq":"TRUE","property":"IsOneWeb"}]},"value":true}]},{"key":"jet-consumerweb::order_details_collection_qr_code_enabled","valueType":"bool","defaultValueRules":[{"restrictions":{"in":["CH","DE","AU"],"property":"Country"},"value":true}]},{"key":"jet-consumerweb::order_details_delivery_code_enabled","valueType":"bool","defaultValueRules":[{"restrictions":{"in":["UK","IE"],"property":"Country"},"value":true}]},{"key":"jet-consumerweb::order_tracker_eta_countdown_enabled","valueType":"bool","defaultValueRules":[{"restrictions":{"and":[{"in":["AT","DE","NL","DK","CH","BG","PL","LU","BE","SK"],"property":"Country"},{"eq":"TRUE","property":"IsOneWeb"}]},"value":true},{"restrictions":{"and":[{"in":["UK","IE","IT","AU","ES"],"property":"Country"},{"eq":"TRUE","property":"IsOneWeb"}]},"value":true}]},{"key":"jet-consumerweb::order_tracker_features_for_takeaway","valueType":"bool","defaultValueRules":[{"restrictions":{"and":[{"in":["AT","DE","NL","DK","CH","BG","BE","LU","PL","SK"],"property":"Country"},{"eq":"TRUE","property":"IsOneWeb"}]},"value":true},{"restrictions":{"and":[{"in":["UK","AU","IE","ES","IT"],"property":"Country"},{"eq":"TRUE","property":"IsOneWeb"}]},"value":true}]},{"key":"jet-consumerweb::orderTrackerMapRouteDirectionsEnabled","valueType":"bool","defaultValueRules":[{"restrictions":{"and":[{"in":["IT","ES","AT","DE","BE","BG","NL","DK","CH","PL","LU","SK"],"property":"Country"},{"eq":"TRUE","property":"IsOneWeb"}]},"value":true},{"restrictions":{"and":[{"in":["UK","AU","IE"],"property":"Country"},{"eq":"TRUE","property":"IsOneWeb"}]},"value":true}]},{"key":"jet-consumerweb::order_tracker_might_be_trackable_banner","valueType":"bool","defaultValueRules":[{"restrictions":{"in":["NL","AT","DE","CH","DK","BE","BG","PL","SK","LU"],"property":"Country"},"value":true},{"restrictions":{"in":["UK","AU","IE","IT","ES"],"property":"Country"},"value":true}]},{"key":"jet-consumerweb::order_tracker_trackable_banner","valueType":"bool","defaultValueRules":[{"restrictions":{"in":["AU","ES","IE","IT","UK"],"property":"Country"},"value":false}]},{"key":"jet-consumerweb::partnerWithUs","valueType":"bool","defaultValueRules":[{"restrictions":{"in":["IE","AT","AU","BE","BG","CH","DE","DK","ES","FR","IT","LU","NL","PL","UK","SK"],"property":"Country"},"value":true}]},{"key":"jet-consumerweb::past_order_details_page","valueType":"string","defaultValueRules":[{"restrictions":{"in":["IE","IT","UK","ES","AU"],"property":"Country"},"value":"variation_1"},{"restrictions":{"and":[{"in":["AT","DE","NL","DK","CH","LU","BE","BG","PL","SK"],"property":"Country"},{"eq":"TRUE","property":"IsOneWeb"}]},"value":"variation_1"}]},{"key":"jet-consumerweb::paypal_fraudnet_enabled","valueType":"bool","defaultValueRules":[{"restrictions":{"in":["BE","CH","DK","FR","LU","PL","NL","AT","DE"],"property":"Country"},"value":true},{"restrictions":{"in":["NL","DE","BE","AT","CH","DK","FR","LU","BG","NO","PL"],"property":"Country"},"value":false}]},{"key":"jet-consumerweb::personalInfoPage","valueType":"bool","defaultValueRules":[{"restrictions":{"in":["AT","AU","BE","BG","CA","CH","DE","DK","ES","FR","IE","IL","IT","LU","NL","NO","NZ","PL","UK","SK"],"property":"Country"},"value":true}]},{"key":"jet-consumerweb::pharmacyConsent","valueType":"bool","defaultValueRules":[{"restrictions":{"in":["DE","UK","LU","IE","NL","BG","DK","FR","AT","AU","BE","CA","CH","IL","IT","NO","NZ","PL","PT","SK"],"property":"Country"},"value":false}],"evaluationLogic":{"type":"IdHash","detail":{"bucketBy":"AnonUserId","prefix":"pharmacyConsent","rules":[{"restrictions":{"in":["UK","DE","IE","AT","BE","BG","DK","FR","IT","LU","NL","PL","ES"],"property":"Country"},"audienceFraction":1,"variants":[{"weight":1,"value":true}]}]}}},{"key":"jet-consumerweb::pharmacy_consent_with_contact_details","valueType":"bool","defaultValueRules":[{"restrictions":{"and":[{"eq":"DE","property":"Country"},{"eq":"FALSE","property":"IsOneWeb"}]},"value":true}],"tags":["affects-cache"]},{"key":"jet-consumerweb::pharmacyLogo","valueType":"bool","defaultValueRules":[{"restrictions":{"and":[{"in":["DE","AT","NL","PL","BG","BE","DK","ES","IE","IT","LU","SK"],"property":"Country"},{"eq":"TRUE","property":"IsOneWeb"}]},"value":true}]},{"key":"jet-consumerweb::pieCookieBanner","valueType":"bool","defaultValueRules":[{"restrictions":{"in":["DK","IE","ES","IT","UK","FR","AU","AT","DE","BE","BG","CH","LU","NL","PL","SK"],"property":"Country"},"value":true}]},{"key":"jet-consumerweb::pooled_order_substatus_enabled","valueType":"bool","defaultValueRules":[{"restrictions":{"in":["ES","IT","AT","DE","NL","DK","CH","BE","BG","PL","LU"],"property":"Country"},"value":true},{"restrictions":{"and":[{"in":["UK","AU","IE","SK"],"property":"Country"},{"eq":"TRUE","property":"IsOneWeb"}]},"value":true}]},{"key":"jet-consumerweb::pooled_order_waypoints_enabled","valueType":"bool","defaultValueRules":[{"restrictions":{"in":["IT","ES","AT","DE","NL","DK","CH","PL","LU","BE","BG"],"property":"Country"},"value":true},{"restrictions":{"and":[{"in":["UK","IE","AU","SK"],"property":"Country"},{"eq":"TRUE","property":"IsOneWeb"}]},"value":true}]},{"key":"jet-consumerweb::post_delivery_customer_courier_chat_enabled","valueType":"bool","defaultValueRules":[{"restrictions":{"eq":"AU","property":"Country"},"value":false}],"evaluationLogic":{"type":"IdHash","detail":{"bucketBy":"AnonUserId","prefix":"ex_post_delivery_customer_courier_chat_enabled","rules":[{"restrictions":{"eq":"AU","property":"Country"},"audienceFraction":0.5,"variants":[{"weight":1,"value":false,"experimentKey":"CCINT-305-ex_post_delivery_customer_courier_chat_enabled","experimentVariant":"control"},{"weight":1,"value":true,"experimentKey":"CCINT-305-ex_post_delivery_customer_courier_chat_enabled","experimentVariant":"variant"}]}]}}},{"key":"jet-consumerweb::postingReviewFromOrderPage","valueType":"bool","defaultValueRules":[{"restrictions":{"in":["IE","UK","ES","IT","AU"],"property":"Country"},"value":true},{"restrictions":{"and":[{"in":["AT","DE","NL","DK","CH","BE","LU","PL","BG","SK"],"property":"Country"},{"eq":"TRUE","property":"IsOneWeb"}]},"value":true}]},{"key":"jet-consumerweb::preOrderOrOfflineAvailabilityInfo","valueType":"bool","defaultValueRules":[{"restrictions":{"in":["IE","UK","ES","IT","AU"],"property":"Country"},"value":true},{"restrictions":{"and":[{"eq":"AT","property":"Country"},{"eq":"TRUE","property":"IsOneWeb"}]},"value":true}]},{"key":"jet-consumerweb::preventAnonymousReview","valueType":"bool","defaultValueRules":[{"restrictions":{"in":["AT","BE","BG","FR","SK"],"property":"Country"},"value":true}]},{"key":"jet-consumerweb::radialQueryCollection","valueType":"string","defaultValueRules":[{"restrictions":{"in":["UK","IE","ES","IT","AU"],"property":"Country"},"value":"variation_1"}]},{"key":"jet-consumerweb::receiptDepositReturnScheme","valueType":"bool","defaultValueRules":[{"restrictions":{"and":[{"in":["IE","SK","DE","AT"],"property":"Country"},{"eq":"TRUE","property":"IsOneWeb"}]},"value":true},{"restrictions":{"eq":"UK","property":"Country"},"value":false}]},{"key":"jet-consumerweb::recentlySelectedLocationsLocalStorage","valueType":"bool","defaultValueRules":[{"restrictions":{"and":[{"in":["AT","BE","BG","CH","DK","ES","IE","IT","LU","NO","SK","AU","NL","DE","PL","UK"],"property":"Country"},{"eq":"TRUE","property":"IsOneWeb"}]},"value":true}]},{"key":"jet-consumerweb::redirectToAuthBeforeCheckout","valueType":"string","defaultValueRules":[{"restrictions":{"eq":"UK","property":"Country"},"value":"reserve"}],"evaluationLogic":{"type":"IdHash","detail":{"bucketBy":"AnonUserId","prefix":"redirectToAuthBeforeCheckout_20241014","rules":[{"restrictions":{"eq":"UK","property":"Country"},"audienceFraction":1,"variants":[{"weight":1,"value":"control","experimentKey":"CAW-394-redirectToAuthBeforeCheckout","experimentVariant":"control"},{"weight":1,"value":"variation_1","experimentKey":"CAW-394-redirectToAuthBeforeCheckout","experimentVariant":"variant"}]}]}}},{"key":"jet-consumerweb::redirectToTestLocation","valueType":"bool","defaultValueRules":[{"restrictions":{"in":["AT","BE","BG","CH","DE","DK","FR","PL","NO","LU","NL","SK"],"property":"Country"},"value":true}]},{"key":"jet-consumerweb::reduxDevtools","valueType":"bool","defaultValueRules":[{"restrictions":{"in":["AT","AU","BE","BG","CA","CH","DE","DK","ES","FR","IE","IL","IT","LU","NL","NO","NZ","PL","UK","SK"],"property":"Country"},"value":false}]},{"key":"jet-consumerweb::removeGeoCoordinatesFromUrl","valueType":"bool","defaultValueRules":[{"restrictions":{"in":["AT","BE","BG","CH","DE","DK","FR","IE","LU","NL","NO","PL","SK"],"property":"Country"},"value":true}]},{"key":"jet-consumerweb::replacementForPriceGuaranteeHighlight","valueType":"bool","defaultValueRules":[{"restrictions":{"eq":"CH","property":"Country"},"value":true}]},{"key":"jet-consumerweb::restaurant_snowplow_event_tracking_enabled","valueType":"bool","defaultValueRules":[{"restrictions":{"in":["IE","UK","AT","AU","BE","BG","CA","CH","DE","DK","ES","FR","IL","IT","LU","NL","NO","PL","PT","SK"],"property":"Country"},"value":true}]},{"key":"jet-consumerweb::RestrictionProviders-test","valueType":"bool","defaultValueRules":[{"restrictions":{"and":[{"eq":"DE","property":"Country"},{"eq":"TRUE","property":"IsOneWeb"}]},"value":true}],"tags":["affects-cache"]},{"key":"jet-consumerweb::rewards_checkout_delivery_options_membership_extension_enabled","valueType":"bool","defaultValueRules":[{"restrictions":{"eq":"UK","property":"Country"},"value":true}]},{"key":"jet-consumerweb::rewards_checkout_delivery_options_one_time_purchase_enabled","valueType":"bool","defaultValueRules":[{"restrictions":{"and":[{"eq":"UK","property":"Country"},{"eq":"TRUE","property":"IsOneWeb"}]},"value":false}],"evaluationLogic":{"type":"IdHash","detail":{"bucketBy":"AnonUserId","prefix":"otpPurchase-and-membershipsPage","rules":[{"restrictions":{"and":[{"eq":"UK","property":"Country"},{"eq":"TRUE","property":"IsOneWeb"}]},"audienceFraction":1,"variants":[{"weight":1,"value":true}]},{"restrictions":{"eq":"AU","property":"Country"},"audienceFraction":1,"variants":[{"weight":0,"value":false,"experimentKey":"CACT-3557-otpPurchase-and-membershipsPage","experimentVariant":"control"},{"weight":100,"value":true,"experimentKey":"CACT-3557-otpPurchase-and-membershipsPage","experimentVariant":"variant"}]}]}}},{"key":"jet-consumerweb::rewards_checkout_delivery_options_voucher_compatibility_enabled","valueType":"bool","defaultValueRules":[{"restrictions":{"and":[{"in":["UK","ES","DE","AT","AU"],"property":"Country"},{"eq":"TRUE","property":"IsOneWeb"}]},"value":true},{"restrictions":{"in":["AT","AU","BE","BG","CA","CH","DE","DK","ES","FR","IE","IL","IT","LU","NL","NO","NZ","PL","UK","PT","SK"],"property":"Country"},"value":false}]},{"key":"jet-consumerweb::rewardsPage","valueType":"bool","defaultValueRules":[{"restrictions":{"in":["AU","UK","IE","ES","IT","CH","DK"],"property":"Country"},"value":true}]},{"key":"jet-consumerweb::rewards_plus_checkout_delivery_options_enabled","valueType":"bool","defaultValueRules":[{"restrictions":{"in":["ES","DE","AT"],"property":"Country"},"value":true},{"restrictions":{"eq":"AU","property":"Country"},"value":true},{"restrictions":{"eq":"UK","property":"Country"},"value":true}]},{"key":"jet-consumerweb::rl_aa_exp","valueType":"string","defaultValueRules":[{"restrictions":{"in":["UK","ES","IE","IT","AU"],"property":"Country"},"value":"reserve"}],"evaluationLogic":{"type":"IdHash","detail":{"bucketBy":"AnonUserId","prefix":"rl_aa_exp_20250520","rules":[{"restrictions":{"in":["UK","ES","IE","IT","AU"],"property":"Country"},"audienceFraction":1,"variants":[{"weight":1,"value":"control","experimentKey":"SFR-6360-rl_aa_exp","experimentVariant":"control"},{"weight":1,"value":"variant","experimentKey":"SFR-6360-rl_aa_exp","experimentVariant":"variant"}]},{"restrictions":{"in":["AT","BE","BG","CH","DE","DK","FR","LU","PL","NL"],"property":"Country"},"audienceFraction":1,"variants":[{"weight":1,"value":"control","experimentKey":"SFR-6360-rl_aa_exp","experimentVariant":"control"},{"weight":1,"value":"variant","experimentKey":"SFR-6360-rl_aa_exp","experimentVariant":"variant"}]}]}}},{"key":"jet-consumerweb::rl_braze_multi_card_snowplow","valueType":"bool","defaultValueRules":[{"restrictions":{"in":["ES","IT","UK","IE"],"property":"Country"},"value":true}]},{"key":"jet-consumerweb::rl_braze_ssr_timeout","valueType":"int","defaultValueRules":[{"restrictions":{"in":["UK","IT","ES","IE","AU"],"property":"Country"},"value":550},{"restrictions":{"and":[{"in":["AT","BE","BG","CH","DE","DK","LU","NL","PL","SK","FR"],"property":"Country"},{"eq":"TRUE","property":"IsOneWeb"}]},"value":550}]},{"key":"jet-consumerweb::rl_compact_carousel_card_enabled","valueType":"bool","defaultValueRules":[{"restrictions":{"in":["AT","AU","BE","BG","CH","DE","DK","ES","FR","IL","IE","IT","LU","PL","UK","SK"],"property":"Country"},"value":true}]},{"key":"jet-consumerweb::rl_drs_price_with_deposit","valueType":"bool","defaultValueRules":[{"restrictions":{"in":["AU","ES","IE","IT","UK"],"property":"Country"},"value":false},{"restrictions":{"in":["AT","BE","CH","DE","DK","LU","NL"],"property":"Country"},"value":false}],"evaluationLogic":{"type":"IdHash","detail":{"bucketBy":"AnonUserId","prefix":"rl_drs_price_with_deposit","rules":[{"restrictions":{"in":["AU","ES","IE","IT","UK"],"property":"Country"},"audienceFraction":1,"variants":[{"weight":1,"value":true}]},{"restrictions":{"in":["AT","BE","CH","DE","DK","LU","NL","PL","BG"],"property":"Country"},"audienceFraction":1,"variants":[{"weight":1,"value":true}]}]}}},{"key":"jet-consumerweb::rl_enhanced_recent_search","valueType":"bool","defaultValueRules":[{"restrictions":{"in":["AT","AU","BE","BG","CH","DE","DK","ES","IE","IT","LU","NL","PL","UK","SK"],"property":"Country"},"value":false}]},{"key":"jet-consumerweb::rl_enhanced_text_search_card","valueType":"string","defaultValueRules":[{"restrictions":{"in":["AU","ES","IT","LU","IE","UK","AT","BE","BG","CH","DE","DK","NL","PL","SK"],"property":"Country"},"value":"reserve"}],"evaluationLogic":{"type":"IdHash","detail":{"bucketBy":"AnonUserId","prefix":"rl_enhanced_text_search_card","rules":[{"restrictions":{"in":["AU","ES","IE","IT","LU","UK","AT","BE","BG","CH","DE","DK","NL","PL","SK"],"property":"Country"},"audienceFraction":1,"variants":[{"weight":0,"value":"control","experimentKey":"SFR-6770-rl_enhanced_text_search_card","experimentVariant":"control"},{"weight":1,"value":"variation_1","experimentKey":"SFR-6770-rl_enhanced_text_search_card","experimentVariant":"variant"},{"weight":0,"value":"variation_2","experimentKey":"SFR-6770-rl_enhanced_text_search_card","experimentVariant":"variant2"}]}]}}},{"key":"jet-consumerweb::rl_filtered_carousels","valueType":"bool","defaultValueRules":[{"restrictions":{"eq":"UK","property":"Country"},"value":false}],"tags":["affects-cache"]},{"key":"jet-consumerweb::rl_filter-shortcuts","valueType":"string","defaultValueRules":[{"restrictions":{"in":["AU","IE","IT","ES","UK"],"property":"Country"},"value":"reserve"}],"evaluationLogic":{"type":"IdHash","detail":{"bucketBy":"AnonUserId","prefix":"rl_filter-shortcuts","rules":[{"restrictions":{"in":["AU","ES","IE","IT","UK"],"property":"Country"},"audienceFraction":1,"variants":[{"weight":0,"value":"control","experimentKey":"SFR-6161-rl_filter-shortcuts","experimentVariant":"control"},{"weight":0,"value":"variation_1","experimentKey":"SFR-6161-rl_filter-shortcuts","experimentVariant":"variant"},{"weight":1,"value":"variation_2","experimentKey":"SFR-6161-rl_filter-shortcuts","experimentVariant":"variant2"}]},{"restrictions":{"and":[{"in":["AT","BE","CH","DE","DK","LU","NL","PL","BG","SK"],"property":"Country"},{"eq":"TRUE","property":"IsOneWeb"}]},"audienceFraction":1,"variants":[{"weight":0,"value":"control","experimentKey":"SFR-6161-rl_filter-shortcuts","experimentVariant":"control"},{"weight":0,"value":"variation_1","experimentKey":"SFR-6161-rl_filter-shortcuts","experimentVariant":"variant"},{"weight":1,"value":"variation_2","experimentKey":"SFR-6161-rl_filter-shortcuts","experimentVariant":"variant2"}]}]}}},{"key":"jet-consumerweb::rl_filter_shortcuts_in_text_search_enabled","valueType":"bool","defaultValueRules":[{"restrictions":{"in":["AT","AU","BE","BG","CH","DE","DK","ES","IE","IT","LU","NL","PL","UK","SK"],"property":"Country"},"value":false}],"evaluationLogic":{"type":"IdHash","detail":{"bucketBy":"AnonUserId","prefix":"rl_filter_shortcuts_in_text_search_enabled","rules":[{"restrictions":{"in":["AT","AU","BE","BG","CH","DE","DK","ES","IE","IT","LU","NL","PL","UK","SK"],"property":"Country"},"audienceFraction":0,"variants":[{"weight":1,"value":false,"experimentKey":"SFR-7112-rl_filter_shortcuts_in_text_search_enabled","experimentVariant":"control"},{"weight":1,"value":true,"experimentKey":"SFR-7112-rl_filter_shortcuts_in_text_search_enabled","experimentVariant":"variant"}]}]}}},{"key":"jet-consumerweb::rl_filter_shortcuts_tooltip","valueType":"bool","defaultValueRules":[{"restrictions":{"in":["AU","IE","IT","UK","ES"],"property":"Country"},"value":false},{"restrictions":{"in":["AT","BE","CH","DE","DK","LU","NL","PL","BG"],"property":"Country"},"value":false}]},{"key":"jet-consumerweb::rl_jet_plus","valueType":"bool","defaultValueRules":[{"restrictions":{"in":["AT","AU","BE","BG","CH","DE","DK","ES","IE","IT","LU","NL","PL","UK","SK"],"property":"Country"},"value":false}],"tags":["affects-cache"]},{"key":"jet-consumerweb::rl_log_braze_response","valueType":"bool","defaultValueRules":[{"restrictions":{"in":["UK","DE"],"property":"Country"},"value":false}],"tags":["affects-cache"]},{"key":"jet-consumerweb::rl_multi_card_sdui_enabled","valueType":"bool","defaultValueRules":[{"restrictions":{"in":["UK","DE"],"property":"Country"},"value":false}]},{"key":"jet-consumerweb::rl_nestedDishesExp","valueType":"string","defaultValueRules":[{"restrictions":{"in":["UK","IT","ES","AU","IE"],"property":"Country"},"value":"variation_1"}]},{"key":"jet-consumerweb::rl_new_partner_card_exp","valueType":"string","defaultValueRules":[{"restrictions":{"in":["UK","IE","ES","IT","AU"],"property":"Country"},"value":"variation_1"},{"restrictions":{"in":["AT","BE","BG","CH","DE","DK","FR","LU","PL","NL","SK"],"property":"Country"},"value":"variation_1"}]},{"key":"jet-consumerweb::rl_offer_placement_ammendments","valueType":"string","defaultValueRules":[{"restrictions":{"in":["UK","IE","ES","IT","AU"],"property":"Country"},"value":"variation_2"},{"restrictions":{"and":[{"in":["AT","BE","BG","CH","DE","DK","FR","LU","PL","NL","SK"],"property":"Country"},{"eq":"TRUE","property":"IsOneWeb"}]},"value":"variation_2"}],"tags":["affects-cache"]},{"key":"jet-consumerweb::rl_persist_filters_on_search","valueType":"string","defaultValueRules":[{"restrictions":{"in":["ES","IE","IT","AU","UK"],"property":"Country"},"value":"reserve"}],"evaluationLogic":{"type":"IdHash","detail":{"bucketBy":"AnonUserId","prefix":"rl_persist_filters_on_search","rules":[{"restrictions":{"in":["AU","ES","IE","IT","UK","AT","BE","BG","CH","DE","DK","LU","NL","PL","SK"],"property":"Country"},"audienceFraction":1,"variants":[{"weight":1,"value":"control","experimentKey":"SFR-6586-rl_persist_filters_on_search","experimentVariant":"control"},{"weight":1,"value":"variation_1","experimentKey":"SFR-6586-rl_persist_filters_on_search","experimentVariant":"variant"}]}]}}},{"key":"jet-consumerweb::rl_pinned_carousels","valueType":"bool","defaultValueRules":[{"restrictions":{"in":["UK","IE","ES","IT","AU"],"property":"Country"},"value":true}]},{"key":"jet-consumerweb::rl_reduce_data_for_search_card","valueType":"string","defaultValueRules":[{"restrictions":{"in":["AT","AU","BE","BG","CH","DE","DK","ES","IE","IT","LU","NL","PL","UK","SK"],"property":"Country"},"value":"reserve"}]},{"key":"jet-consumerweb::rl_remove_spa_to_menu","valueType":"string","defaultValueRules":[{"restrictions":{"in":["UK","AU","IT","ES"],"property":"Country"},"value":"variation_1"},{"restrictions":{"and":[{"in":["AT","BE","BG","CH","DE","DK","FR","LU","PL","NL","SK"],"property":"Country"},{"eq":"TRUE","property":"IsOneWeb"}]},"value":"variation_1"}]},{"key":"jet-consumerweb::rl_re_order_carousel","valueType":"bool","defaultValueRules":[{"restrictions":{"in":["UK","IE","ES","IT","AU"],"property":"Country"},"value":true}]},{"key":"jet-consumerweb::rl_re_order_query_param","valueType":"bool","defaultValueRules":[{"restrictions":{"in":["UK","IE","ES","IT","AU"],"property":"Country"},"value":true},{"restrictions":{"and":[{"in":["AT","DE","BE","BG","CH","DK","FR","LU","PL","NL","SK"],"property":"Country"},{"eq":"TRUE","property":"IsOneWeb"}]},"value":true}]},{"key":"jet-consumerweb::rl_selectedCuisinesVisibilityExp","valueType":"string","defaultValueRules":[{"restrictions":{"in":["UK","IE","ES","AU","IT"],"property":"Country"},"value":"control"}]},{"key":"jet-consumerweb::rl_serp_minimise_carousel_datapoints_enabled","valueType":"string","defaultValueRules":[{"restrictions":{"in":["AT","AU","BE","BG","CA","CH","DE","DK","ES","FR","IE","IT","LU","NL","NO","NZ","PL","UK","PT","SK"],"property":"Country"},"value":"reserve"}],"evaluationLogic":{"type":"IdHash","detail":{"bucketBy":"AnonUserId","prefix":"rl_serp_minimise_carousel_datapoints_enabled","rules":[{"restrictions":{"in":["AT","AU","BE","BG","CH","DE","DK","ES","FR","IE","IT","LU","NL","PL","UK"],"property":"Country"},"audienceFraction":1,"variants":[{"weight":1,"value":"variation_1"}]}]}},"tags":["affects-cache"]},{"key":"jet-consumerweb::rl_snowplow_impressions","valueType":"bool","defaultValueRules":[{"restrictions":{"in":["UK","IE","ES","IT","AU"],"property":"Country"},"value":true},{"restrictions":{"and":[{"in":["AT","DE","BE","BG","CH","DK","FR","LU","PL","NL","SK"],"property":"Country"},{"eq":"TRUE","property":"IsOneWeb"}]},"value":true}]},{"key":"jet-consumerweb::rl-snowplowtracking","valueType":"bool","defaultValueRules":[{"restrictions":{"in":["IE","UK","ES","IT","AU"],"property":"Country"},"value":true},{"restrictions":{"and":[{"in":["AT","BE","BG","CH","DE","DK","FR","LU","PL","NL","SK"],"property":"Country"},{"eq":"TRUE","property":"IsOneWeb"}]},"value":true}]},{"key":"jet-consumerweb::rl_ssr_phase_two","valueType":"bool","defaultValueRules":[{"restrictions":{"in":["UK","IE","AU","ES","IT"],"property":"Country"},"value":false},{"restrictions":{"and":[{"in":["DE","BG","DK","AT","NL","BE"],"property":"Country"},{"eq":"TRUE","property":"IsOneWeb"}]},"value":false}],"evaluationLogic":{"type":"IdHash","detail":{"bucketBy":"AnonUserId","prefix":"rl_ssr_phase_two_20250324","rules":[{"restrictions":{"in":["UK","IE","IT","ES","AU"],"property":"Country"},"audienceFraction":1,"variants":[{"weight":1,"value":false,"experimentKey":"SDISCO-2672-rl_ssr_phase_two","experimentVariant":"control"},{"weight":1,"value":true,"experimentKey":"SDISCO-2672-rl_ssr_phase_two","experimentVariant":"variant"}]},{"restrictions":{"and":[{"in":["AT","DE","BE","BG","DK","NL","SK"],"property":"Country"},{"eq":"TRUE","property":"IsOneWeb"}]},"audienceFraction":1,"variants":[{"weight":1,"value":false,"experimentKey":"SDISCO-2672-rl_ssr_phase_two","experimentVariant":"control"},{"weight":1,"value":true,"experimentKey":"SDISCO-2672-rl_ssr_phase_two","experimentVariant":"variant"}]}]}},"tags":["affects-cache"]},{"key":"jet-consumerweb::rl_structured_list_data","valueType":"bool","defaultValueRules":[{"restrictions":{"eq":"IE","property":"Country"},"value":true}],"tags":["affects-cache"]},{"key":"jet-consumerweb::rl_test_disable_braze_auth_restore","valueType":"bool","defaultValueRules":[{"restrictions":{"and":[{"in":["AT","BE","BG","CH","DE","DK","LU","NL","PL","SK","FR"],"property":"Country"},{"eq":"TRUE","property":"IsOneWeb"}]},"value":true}]},{"key":"jet-consumerweb::rl_test_disable_client_auth_if_restored","valueType":"bool","defaultValueRules":[{"restrictions":{"and":[{"eq":"DE","property":"Country"},{"eq":"TRUE","property":"IsOneWeb"}]},"value":false}]},{"key":"jet-consumerweb::rl_use_internal_plapi_endpoints","valueType":"string","defaultValueRules":[{"restrictions":{"in":["UK","ES","IT","IE"],"property":"Country"},"value":"variation_1"},{"restrictions":{"and":[{"in":["AT","DE","BE","BG","CH","DK","FR","LU","PL","NL","SK"],"property":"Country"},{"eq":"TRUE","property":"IsOneWeb"}]},"value":"variation_1"}],"tags":["affects-cache"]},{"key":"jet-consumerweb::rl_v3_phase_one","valueType":"bool","defaultValueRules":[{"restrictions":{"in":["UK","ES","IT","IE","AU"],"property":"Country"},"value":true},{"restrictions":{"and":[{"in":["AT","BE","BG","CH","DE","DK","FR","LU","PL","NL","SK"],"property":"Country"},{"eq":"TRUE","property":"IsOneWeb"}]},"value":true}]},{"key":"jet-consumerweb::rl_v3_phase_three","valueType":"bool","defaultValueRules":[{"restrictions":{"in":["UK","ES","IT","IE","AU"],"property":"Country"},"value":true},{"restrictions":{"and":[{"in":["AT","BE","BG","CH","DE","DK","FR","LU","PL","NL","SK"],"property":"Country"},{"eq":"TRUE","property":"IsOneWeb"}]},"value":true}],"tags":["affects-cache"]},{"key":"jet-consumerweb::rl_wk_aa_exp","valueType":"string","defaultValueRules":[{"restrictions":{"in":["IE","UK","ES","AU","IT"],"property":"Country"},"value":"reserve"}],"evaluationLogic":{"type":"IdHash","detail":{"bucketBy":"AnonUserId","prefix":"rl_wk_aa_exp_20250520","rules":[{"restrictions":{"in":["UK","IE","ES","IT","AU"],"property":"Country"},"audienceFraction":1,"variants":[{"weight":1,"value":"control","experimentKey":"AAAA-0001-rl_wk_aa_exp","experimentVariant":"control"},{"weight":1,"value":"variant","experimentKey":"AAAA-0001-rl_wk_aa_exp","experimentVariant":"variant"}]}]}},"tags":["affects-cache"]},{"key":"jet-consumerweb::rokt_ads_enabled","valueType":"bool","defaultValueRules":[{"restrictions":{"in":["BE","UK","AU","DE","NL","DK","IE","ES"],"property":"Country"},"value":true}]},{"key":"jet-consumerweb::rum_replay_sample_rate","valueType":"int","defaultValueRules":[{"restrictions":{"eq":"UK","property":"Country"},"value":2},{"restrictions":{"eq":"DE","property":"Country"},"value":10},{"restrictions":{"in":["NL","IE"],"property":"Country"},"value":30},{"restrictions":{"eq":"PL","property":"Country"},"value":50},{"restrictions":{"eq":"AU","property":"Country"},"value":100}]},{"key":"jet-consumerweb::rum_sample_rate","valueType":"int","defaultValueRules":[{"restrictions":{"eq":"UK","property":"Country"},"value":15},{"restrictions":{"eq":"DE","property":"Country"},"value":10},{"restrictions":{"eq":"NL","property":"Country"},"value":30},{"restrictions":{"eq":"PL","property":"Country"},"value":20},{"restrictions":{"in":["BE","LU"],"property":"Country"},"value":50}]},{"key":"jet-consumerweb::searchAutocomplete","valueType":"bool","defaultValueRules":[{"restrictions":{"in":["UK","ES","IT","IE","AU"],"property":"Country"},"value":true},{"restrictions":{"and":[{"in":["AT","BE","BG","CH","DE","DK","FR","LU","PL","NL","SK"],"property":"Country"},{"eq":"TRUE","property":"IsOneWeb"}]},"value":true}]},{"key":"jet-consumerweb::searchDropdownFix","valueType":"bool","defaultValueRules":[{"restrictions":{"in":["UK","ES","IT","IE"],"property":"Country"},"value":true},{"restrictions":{"in":["AT","BE","BG","CH","DE","DK","FR","LU","NL","PL","SK"],"property":"Country"},"value":true}]},{"key":"jet-consumerweb::search_hints","valueType":"string","defaultValueRules":[{"restrictions":{"in":["UK","AT","AU","BE","BG","CA","CH","DE","DK","ES","FR","IE","IL","IT","LU","NL","NO","NZ","PL","PT","SK"],"property":"Country"},"value":"variation_3"}],"tags":["affects-cache"]},{"key":"jet-consumerweb::searchToTop","valueType":"string","defaultValueRules":[{"restrictions":{"in":["UK","IE","IT","ES","AU"],"property":"Country"},"value":"variation_1"},{"restrictions":{"in":["AT","BE","BG","DE","DK","FR","LU","NL","PL","CH","SK"],"property":"Country"},"value":"variation_1"}],"evaluationLogic":{"type":"IdHash","detail":{"bucketBy":"AnonUserId","prefix":"searchToTop","rules":[{"restrictions":{"in":["AT","BE","BG","CH","DE","DK","FR","LU","NL","PL"],"property":"Country"},"audienceFraction":1,"variants":[{"weight":0,"value":"control","experimentKey":"CW-5592-searchToTop","experimentVariant":"control"},{"weight":1,"value":"variation_1","experimentKey":"CW-5592-searchToTop","experimentVariant":"variation_1"}]},{"restrictions":{"in":["UK","IE","IT","ES"],"property":"Country"},"audienceFraction":1,"variants":[{"weight":0,"value":"control","experimentKey":"CW-5592-searchToTop","experimentVariant":"control"},{"weight":1,"value":"variation_1","experimentKey":"CW-5592-searchToTop","experimentVariant":"variation_1"}]}]}},"tags":["affects-cache"]},{"key":"jet-consumerweb::serviceChargeAdditionalInfo","valueType":"bool","defaultValueRules":[{"restrictions":{"in":["AT","BE","BG","DE","DK","FR","IE","LU","NL","NO","PL","UK","ES","IT","AU","SK","CA"],"property":"Country"},"value":true}]},{"key":"jet-consumerweb::serviceFeeVisibleInHeader","valueType":"string","defaultValueRules":[{"restrictions":{"in":["BG","SK"],"property":"Country"},"value":"reverse"}],"evaluationLogic":{"type":"IdHash","detail":{"bucketBy":"AnonUserId","prefix":"service_fee_header_bg","rules":[{"restrictions":{"eq":"BG","property":"Country"},"audienceFraction":1,"variants":[{"weight":1,"value":"control","experimentKey":"MENUVS-3193-service_fee_header_bg","experimentVariant":"control"},{"weight":1,"value":"variation_1","experimentKey":"MENUVS-3193-service_fee_header_bg","experimentVariant":"variation_1"}]}]}}},{"key":"jet-consumerweb::sessionReplayRUM","valueType":"bool","defaultValueRules":[{"restrictions":{"eq":"IE","property":"Country"},"value":true}]},{"key":"jet-consumerweb::shippingTypeSwitcherInCart","valueType":"bool","defaultValueRules":[{"restrictions":{"in":["AU","ES","UK","IE","IT","NZ","AT","BE","BG","CA","CH","DE","DK","FR","IL","LU","NL","NO","PL","PT","SK"],"property":"Country"},"value":true}]},{"key":"jet-consumerweb::showGroceries","valueType":"bool","defaultValueRules":[{"restrictions":{"in":["AT","BE","BG","CH","DE","DK","FR","LU","NL","PL","SK"],"property":"Country"},"value":true}]},{"key":"jet-consumerweb::show_subtotal_on_checkout_button","valueType":"bool","defaultValueRules":[{"restrictions":{"in":["UK","ES","AU","IT","IE"],"property":"Country"},"value":true}]},{"key":"jet-consumerweb::signInRequiredForCheckout","valueType":"bool","defaultValueRules":[{"restrictions":{"in":["IE","NZ","AU","ES","IT"],"property":"Country"},"value":true}]},{"key":"jet-consumerweb::skipPostalCodeValidation","valueType":"bool","defaultValueRules":[{"restrictions":{"in":["IE","UK","AU","NZ","ES","IT"],"property":"Country"},"value":true}]},{"key":"jet-consumerweb::sodexoPaymentMethod","valueType":"bool","defaultValueRules":[{"restrictions":{"eq":"BE","property":"Country"},"value":true}]},{"key":"jet-consumerweb::sovendus_ads_enabled","valueType":"bool","defaultValueRules":[{"restrictions":{"in":["AT","DE"],"property":"Country"},"value":true}]},{"key":"jet-consumerweb::speedcurve-rum","valueType":"bool","defaultValueRules":[{"restrictions":{"eq":"IE","property":"Country"},"value":true}]},{"key":"jet-consumerweb::storefront_alternative_restricted_items_info_modal_enabled","valueType":"bool","defaultValueRules":[{"restrictions":{"and":[{"in":["PL","DK"],"property":"Country"},{"eq":"TRUE","property":"IsOneWeb"}]},"value":true},{"restrictions":{"and":[{"in":["NL","AT","BE","BG","CH","DE","ES","FR","IE","IT","LU","UK","SK"],"property":"Country"},{"eq":"TRUE","property":"IsOneWeb"}]},"value":true}],"tags":["affects-cache"]},{"key":"jet-consumerweb::storefront_alternative_restricted_items_info_modal_with_different_translation_enabled","valueType":"bool","defaultValueRules":[{"restrictions":{"and":[{"eq":"DK","property":"Country"},{"eq":"TRUE","property":"IsOneWeb"}]},"value":true}],"tags":["affects-cache"]},{"key":"jet-consumerweb::storefront_alternative_restricted_items_info_modal_with_disclaimer_enabled","valueType":"bool","defaultValueRules":[{"restrictions":{"and":[{"eq":"PL","property":"Country"},{"eq":"TRUE","property":"IsOneWeb"}]},"value":true}],"tags":["affects-cache"]},{"key":"jet-consumerweb::svs_home_to_serp","valueType":"bool","defaultValueRules":[{"restrictions":{"in":["UK","ES","IE","IT","AU"],"property":"Country"},"value":true},{"restrictions":{"in":["AT","BE","BG","CH","DE","DK","LU","PL","NL"],"property":"Country"},"value":true}],"tags":["affects-cache"]},{"key":"jet-consumerweb::temporaryOfflineShippingTypes","valueType":"bool","defaultValueRules":[{"restrictions":{"and":[{"in":["IE","UK","AU","IT","ES","AT","BE","BG","CA","CH","DE","DK","LU","NL","PL","SK"],"property":"Country"},{"eq":"TRUE","property":"IsOneWeb"}]},"value":true}]},{"key":"jet-consumerweb::thirtyDayRetentionRLLoad","valueType":"bool","defaultValueRules":[{"restrictions":{"eq":"UK","property":"Country"},"value":true}]},{"key":"jet-consumerweb::tippingEnabled","valueType":"bool","defaultValueRules":[{"restrictions":{"and":[{"in":["UK","AU","DE","NL","CH","DK","BE","PL","BG","IE"],"property":"Country"},{"eq":"TRUE","property":"IsOneWeb"}]},"value":true}]},{"key":"jet-consumerweb::tmp_lazy_load_textsearch_results","valueType":"bool","defaultValueRules":[{"restrictions":{"in":["IE","UK","ES","IT","AU"],"property":"Country"},"value":true}]},{"key":"jet-consumerweb::tmp_textsearch_auto_dish_tab","valueType":"bool","defaultValueRules":[{"restrictions":{"in":["UK","ES","IT"],"property":"Country"},"value":true}]},{"key":"jet-consumerweb::tmp_textsearch_improvements_results","valueType":"bool","defaultValueRules":[{"restrictions":{"in":["UK","IE","ES","IT","AU"],"property":"Country"},"value":true}]},{"key":"jet-consumerweb::twint_save_payment_checkbox","valueType":"bool","defaultValueRules":[{"restrictions":{"eq":"CH","property":"Country"},"value":false}],"evaluationLogic":{"type":"IdHash","detail":{"bucketBy":"AnonUserId","prefix":"twint_save_payment_checkbox","rules":[{"restrictions":{"eq":"CH","property":"Country"},"audienceFraction":1,"variants":[{"weight":0,"value":false,"experimentKey":"PAYEX-1000-twint_save_payment_checkbox","experimentVariant":"control"},{"weight":100,"value":true,"experimentKey":"PAYEX-1000-twint_save_payment_checkbox","experimentVariant":"variant"}]}]}}},{"key":"jet-consumerweb::unified_toprank_enabled","valueType":"bool","defaultValueRules":[{"restrictions":{"and":[{"eq":"IE","property":"Country"},{"eq":"TRUE","property":"IsOneWeb"}]},"value":true}],"tags":["affects-cache"]},{"key":"jet-consumerweb::universal_account_linking_terry","valueType":"bool","defaultValueRules":[{"restrictions":{"in":["DE","AT","ES"],"property":"Country"},"value":true}],"tags":["affects-cache"]},{"key":"jet-consumerweb::universal_assistant_chatbot","valueType":"bool","defaultValueRules":[{"restrictions":{"eq":"NL","property":"Country"},"value":false}],"evaluationLogic":{"type":"IdHash","detail":{"bucketBy":"AnonUserId","prefix":"universal_assistant_chatbot","rules":[{"restrictions":{"eq":"SK","property":"Country"},"audienceFraction":1,"variants":[{"weight":1,"value":true}]},{"restrictions":{"in":["CH","BG","DE","NL"],"property":"Country"},"audienceFraction":1,"variants":[{"weight":1,"value":true}]},{"restrictions":{"in":["AT","LU","DK","PL"],"property":"Country"},"audienceFraction":1,"variants":[{"weight":1,"value":true}]}]}},"tags":["affects-cache"]},{"key":"jet-consumerweb::universal_bot_rl_ssr_timeout","valueType":"int","defaultValueRules":[{"restrictions":{"in":["UK","IE","ES","IT","AU"],"property":"Country"},"value":4000},{"restrictions":{"and":[{"in":["AT","BE","BG","CH","DK","FR","LU","PL","NL","SK"],"property":"Country"},{"eq":"TRUE","property":"IsOneWeb"}]},"value":4000},{"restrictions":{"in":["AT","BE","BG","CH","DE","DK","FR","LU","PL","NL","SK"],"property":"Country"},"value":19000}]},{"key":"jet-consumerweb::universal_menu_ssr_exp","valueType":"string","defaultValueRules":[{"restrictions":{"and":[{"in":["CA","SK","IE","IT","ES","AU","UK","LU","PL","DK","CH","BG","BE","AT","NL","DE"],"property":"Country"},{"eq":"TRUE","property":"IsOneWeb"}]},"value":"variation_1"},{"restrictions":{"and":[{"eq":"SK","property":"Country"},{"eq":"FALSE","property":"IsOneWeb"}]},"value":"variation_1"}],"tags":["affects-cache"]},{"key":"jet-consumerweb::universal_menu_web_new_header","valueType":"string","defaultValueRules":[{"restrictions":{"in":["IE","UK","ES","IT","AT","AU","BE","BG","CA","CH","DE","DK","FR","IL","PT","NZ","SK","NO","NL","LU","PL"],"property":"Country"},"value":"variation_1"}],"tags":["affects-cache"]},{"key":"jet-consumerweb::universal_remove_dns_lookup","valueType":"bool","defaultValueRules":[{"restrictions":{"in":["BE","AU","BG","CA","CH","DE","DK","ES","FR","IE","IL","IT","LU","NL","NO","AT","NZ","PL","UK","PT","SK"],"property":"Country"},"value":false}],"tags":["affects-cache"]},{"key":"jet-consumerweb::universal_rl_new_delivery_fees","valueType":"string","defaultValueRules":[{"restrictions":{"in":["UK","IE","ES","IT","AU"],"property":"Country"},"value":"variation_1"},{"restrictions":{"and":[{"in":["AT","DE","BE","BG","CH","DK","FR","LU","PL","NL","SK"],"property":"Country"},{"eq":"TRUE","property":"IsOneWeb"}]},"value":"variation_1"}]},{"key":"jet-consumerweb::universal_rl_ssr","valueType":"string","defaultValueRules":[{"restrictions":{"in":["UK","ES","IE","IT","AU"],"property":"Country"},"value":"variation_1"},{"restrictions":{"and":[{"in":["BE","BG","DK","FR","NL","AT","DE","SK"],"property":"Country"},{"eq":"TRUE","property":"IsOneWeb"}]},"value":"variation_1"},{"restrictions":{"and":[{"in":["CH","LU","PL"],"property":"Country"},{"eq":"TRUE","property":"IsOneWeb"}]},"value":"reserve"}],"evaluationLogic":{"type":"IdHash","detail":{"bucketBy":"AnonUserId","prefix":"universal_rl_ssr","rules":[{"restrictions":{"and":[{"in":["CH","LU","PL"],"property":"Country"},{"eq":"TRUE","property":"IsOneWeb"}]},"audienceFraction":1,"variants":[{"weight":1,"value":"variation_1"}]}]}},"tags":["affects-cache"]},{"key":"jet-consumerweb::universal_rl_ssr_timeout","valueType":"int","defaultValueRules":[{"restrictions":{"in":["UK","ES","IE","IT","AU"],"property":"Country"},"value":1500},{"restrictions":{"and":[{"in":["AT","BE","BG","CH","DK","FR","LU","PL","NL","DE","SK"],"property":"Country"},{"eq":"TRUE","property":"IsOneWeb"}]},"value":1500},{"restrictions":{"in":["BE","BG","CH","DE","DK","FR","LU","PL","NL","SK","AT"],"property":"Country"},"value":10000}],"tags":["affects-cache"]},{"key":"jet-consumerweb::universal_rl_v3_phase_two","valueType":"bool","defaultValueRules":[{"restrictions":{"in":["UK","IE","ES","IT","AU"],"property":"Country"},"value":true},{"restrictions":{"and":[{"in":["AT","DE","BE","BG","CH","DK","FR","LU","PL","NL","SK"],"property":"Country"},{"eq":"TRUE","property":"IsOneWeb"}]},"value":true}],"tags":["affects-cache"]},{"key":"jet-consumerweb::universal_tmp_rl_limit_ssr_restaurants","valueType":"int","defaultValueRules":[{"restrictions":{"in":["IE","ES","UK","IT","AU"],"property":"Country"},"value":50}],"tags":["affects-cache"]},{"key":"jet-consumerweb::universal_use_full_story_tracking","valueType":"bool","defaultValueRules":[{"restrictions":{"in":["DE","UK"],"property":"Country"},"value":false}],"evaluationLogic":{"type":"IdHash","detail":{"bucketBy":"AnonUserId","prefix":"universal_use_full_story_tracking_exp","rules":[{"restrictions":{"eq":"UK","property":"Country"},"audienceFraction":0.05,"variants":[{"weight":1,"value":true}]}]}}},{"key":"jet-consumerweb::universal_use_snowplow_tracking","valueType":"bool","defaultValueRules":[{"restrictions":{"in":["AT","AU","BE","BG","CA","CH","ES","FR","IE","IL","IT","LU","NL","NO","NZ","PL","PT","DE","DK","UK","SK"],"property":"Country"},"value":true}],"tags":["affects-cache"]},{"key":"jet-consumerweb::useRestaurantAvailabilityService","valueType":"bool","defaultValueRules":[{"restrictions":{"in":["IE","UK","ES","IT","AU"],"property":"Country"},"value":true}]},{"key":"jet-consumerweb::useServiceChargeDescription","valueType":"bool","defaultValueRules":[{"restrictions":{"in":["CH","FR"],"property":"Country"},"value":true}]},{"key":"jet-consumerweb::voucher_enable_for_non_restricted_items","valueType":"bool","defaultValueRules":[{"restrictions":{"and":[{"in":["UK","IE","CH","DE","NL"],"property":"Country"},{"eq":"TRUE","property":"IsOneWeb"}]},"value":true}],"tags":["affects-cache"]},{"key":"jet-consumerweb::wcp-1158-no-cache","valueType":"string","defaultValueRules":[{"restrictions":{"in":["IE","UK","ES"],"property":"Country"},"value":"reserve"}]},{"key":"jet-consumerweb::worker-cache-home-route","valueType":"bool","defaultValueRules":[{"restrictions":{"in":["AT","BE","BG","CA","CH","DE","DK","ES","FR","IL","IT","LU","NL","NO","NZ","PL","UK","IE","SK"],"property":"Country"},"value":true},{"restrictions":{"eq":"AU","property":"Country"},"value":true}],"tags":["affects-cache"]},{"key":"jet-consumerweb::worker-cache-menu-route","valueType":"bool","defaultValueRules":[{"restrictions":{"in":["PL","UK","NZ","NO","NL","LU","IT","IL","FR","ES","DK","DE","CH","CA","BG","BE","AU","AT","IE","SK"],"property":"Country"},"value":true}],"tags":["affects-cache"]},{"key":"jet-consumerweb::worker-cache-restaurant-list-route","valueType":"bool","defaultValueRules":[{"restrictions":{"in":["AT","AU","BE","BG","CA","CH","DE","DK","ES","FR","IE","NO","NZ","PL","UK","IL","IT","LU","NL","SK"],"property":"Country"},"value":true}],"tags":["affects-cache"]},{"key":"jet-consumerweb::worker-cache-wildcard-routes","valueType":"bool","defaultValueRules":[{"restrictions":{"in":["UK","PL","NZ","NO","NL","LU","IT","IL","FR","ES","DK","DE","CH","CA","BG","BE","AU","AT","IE","SK"],"property":"Country"},"value":true}],"tags":["affects-cache"]},{"key":"jet-consumerweb::worker-cf-options-cache-everything","valueType":"bool","defaultValueRules":[{"restrictions":{"in":["AT","AU","BE","BG","CA","CH","DE","DK","FR","IE","IL","IT","LU","NL","NO","NZ","PL","PT","SK","ES"],"property":"Country"},"value":false},{"restrictions":{"eq":"UK","property":"Country"},"value":true}],"tags":["affects-cache"]},{"key":"jet-consumerweb::worker_use_resolve_override","valueType":"bool","defaultValueRules":[{"restrictions":{"in":["AT","BE","BG","CA","CH","DE","DK","FR","IL","LU","NL","NO","PL","PT","SK"],"property":"Country"},"value":true}],"tags":["affects-cache"]}],"createdAt":"2025-05-23T09:10:15.451Z"}},"countryCode":"nl","designSystemVersion":"7.5.1","deviceInfo":{"device":{"isBot":false,"isRetinaScreen":false,"isTablet":false,"osName":"win","osVersion":null,"type":"desktop"},"browser":{"name":"chrome","version":"136","capabilities":{"isImageLazyLoadingSupported":false}},"useragentInfo":{"isYaBrowser":false,"isAuthoritative":true,"isMobile":false,"isMobileNative":false,"isTablet":false,"isiPad":false,"isiPod":false,"isiPhone":false,"isiPhoneNative":false,"isAndroid":false,"isAndroidNative":false,"isBlackberry":false,"isOpera":false,"isIE":false,"isEdge":false,"isIECompatibilityMode":false,"isSafari":false,"isFirefox":false,"isWebkit":false,"isChrome":true,"isKonqueror":false,"isOmniWeb":false,"isSeaMonkey":false,"isFlock":false,"isAmaya":false,"isPhantomJS":false,"isEpiphany":false,"isDesktop":true,"isWindows":true,"isLinux":false,"isLinux64":false,"isMac":false,"isChromeOS":false,"isBada":false,"isSamsung":false,"isRaspberry":false,"isBot":false,"isCurl":false,"isAndroidTablet":false,"isWinJs":false,"isKindleFire":false,"isSilk":false,"isCaptive":false,"isSmartTV":false,"isUC":false,"isFacebook":false,"isAlamoFire":false,"isElectron":false,"silkAccelerated":false,"browser":"Chrome","version":"136.0.0.0","os":"Windows 10.0","platform":"Microsoft Windows","geoIp":{},"source":"Mozilla/5.0 (Windows NT 10.0; Win64; x64) AppleWebKit/537.36 (KHTML, like Gecko) Chrome/136.0.0.0 Safari/537.36","isWechat":false},"cfBotHeader":"false"},"languageCode":"nl","locale":"","messages":{"consumerWebMenuAndCheckout.voucher.common.addVoucherButton":"Voeg een voucher / cadeaukaart toe","consumerWebMenuAndCheckout.voucher.common.title":"Voucher","consumerWebMenuAndCheckout.voucher.common.voucherAppliedText":"Er is een voucher van {voucherValue} toegevoegd aan de bestelling. Er wordt {voucherRemainingValue} van het tegoed gebruikt voor deze bestelling.","consumerWebMenuAndCheckout.voucher.common.removeVoucherButton":"Voucher verwijderen","consumerWebMenuAndCheckout.voucher.common.voucherCode":"Aktie code","consumerWebMenuAndCheckout.voucher.common.addVoucher":"Voucher toevoegen","consumerWebMenuAndCheckout.voucher.common.addYourVoucher":"Je voucher / cadeaukaart gebruiken","consumerWebMenuAndCheckout.voucher.common.applyWithCash":"Als je hier een voucher invoert, kun je niet langer contant betalen.  Je kunt een andere betaalmethode kiezen.","consumerWebMenuAndCheckout.voucher.common.codeInvalidError":"De opgegeven vouchercode is niet geldig.","consumerWebMenuAndCheckout.voucher.common.usedTooManyTimesError":"Alle vouchers met deze vouchercode zijn gebruikt. De voucher is daardoor niet langer geldig.","consumerWebMenuAndCheckout.voucher.common.insufficientCreditError":"De ingevoerde vouchercode is niet langer geldig omdat alle tegoeden verbruikt zijn.","consumerWebMenuAndCheckout.voucher.common.tooManyTriesError":"Het is momenteel niet mogelijk om vouchercodes toe te voegen.","consumerWebMenuAndCheckout.voucher.common.fbVoucherUsedError":"De voucher met die vouchercode is op dit moment al in gebruik voor een andere betaling. Deze voucher kun je helaas niet meer gebruiken.","consumerWebMenuAndCheckout.voucher.common.fbVoucherUsedTodayError":"Je kunt maar Ã©Ã©n keer per dag deze actie voucher gebruiken per adres / IP. Vanaf dit adres is vandaag al een actie voucher gebruikt.","consumerWebMenuAndCheckout.voucher.common.usedByIpError":"Je kunt maar Ã©Ã©n keer deze actie voucher gebruiken per adres / IP. Vanaf dit adres is al een actie voucher gebruikt.","consumerWebMenuAndCheckout.voucher.common.newCustomerOnlyError":"Deze voucher is enkel voor nieuwe klanten.","consumerWebMenuAndCheckout.voucher.common.usedError":"De voucher met die vouchercode is op dit moment al in gebruik voor een andere betaling. Deze voucher kun je helaas niet meer gebruiken.","consumerWebMenuAndCheckout.voucher.common.unknownError":"Er is een onbekende fout opgetreden. Probeer het later nogmaals.","consumerWebMenuAndCheckout.voucher.common.expiredError":"De ingevoerde vouchercode is verlopen op {expiration} en daardoor niet langer geldig.","consumerWebMenuAndCheckout.voucher.common.movError":"Het minimum bestelbedrag van deze voucher is nog niet bereikt. Je moet voor minimaal {mov} bestellen.","consumerWebMenuAndCheckout.voucher.common.productError":"De voucher is alleen geldig als je {product} bestelt.","consumerWebMenuAndCheckout.voucher.common.restaurantError":"Deze voucher is alleen geldig bij {restaurant}.","consumerWebMenuAndCheckout.voucher.common.notStartedError":"De vouchercode is pas geldig vanaf {start}.","consumerWebMenuAndCheckout.voucher.common.voucherAppOnlyError":"Deze voucher is alleen geldig in onze app.","consumerWebMenuAndCheckout.voucher.common.voucherMovNotReached":"Minimale bestelwaarde niet bereikt","consumerWebMenuAndCheckout.voucher.common.voucherAppliedMovNotReached":"De voucher kan niet worden toegepast omdat de minimale bestelwaarde niet is bereikt. Verwijder de voucher of voeg meer producten toe aan je bestelling","consumerWebMenuAndCheckout.voucher.common.movNotReached":"{isVoucherFetched, select, false {The minimum order amount for this voucher is not yet reached. You must order for a minimum of {mov}.} other {De voucher kan niet worden toegepast omdat de minimale bestelwaarde voor gebruik niet is bereikt.}}","consumerWebMenuAndCheckout.voucher.common.addMoreItems":"Klik hier om meer producten aan je bestelling toe te voegen","consumerWebMenuAndCheckout.voucher.common.jetUnavailableError":"Voucher kan niet worden gebruikt","consumerWebMenuAndCheckout.voucher.common.jetExpiredError":"Voucher is verlopen","consumerWebMenuAndCheckout.voucher.common.jetInactiveError":"Voucher is niet geactiveerd","consumerWebMenuAndCheckout.voucher.common.jetRedeemedError":"Voucher is al gebruikt","consumerWebMenuAndCheckout.voucher.common.jetIneligibleCuisineError":"Voucher is niet geldig voor deze keuken","consumerWebMenuAndCheckout.voucher.common.jetIneligibleCustomerError":"Je komt niet in aanmerking om deze voucher te gebruiken","consumerWebMenuAndCheckout.voucher.common.jetIneligibleDayError":"Voucher kan vandaag helaas niet worden gebruikt","consumerWebMenuAndCheckout.voucher.common.jetIneligibleLocationError":"Voucher kan niet worden gebruikt met deze postcode","consumerWebMenuAndCheckout.voucher.common.jetIneligibleMaximumOrdersError":"Voucher geldt alleen voor mensen die minder bestellingen hebben geplaatst","consumerWebMenuAndCheckout.voucher.common.jetIneligibleMinimumOrdersError":"Voucher geldt alleen voor mensen die meerdere bestellingen hebben geplaatst","consumerWebMenuAndCheckout.voucher.common.jetIneligibleMinimumOrderValueNotMetError":"Minimum bestelbedrag niet gehaald","consumerWebMenuAndCheckout.voucher.common.jetIneligiblePlatformError":"Voucher kan niet gebruikt worden op dit platform","consumerWebMenuAndCheckout.voucher.common.jetIneligibleRestaurantError":"Voucher ongeldig voor dit restaurant","consumerWebMenuAndCheckout.voucher.common.jetIneligibleServiceTypeError":"Voucher ongeldig voor dit type service","consumerWebMenuAndCheckout.voucher.common.jetIneligibleTimeError":"Voucher kan op dit moment helaas niet worden gebruikt","consumerWebMenuAndCheckout.voucher.common.jetIneligibleVoucherBalanceNotMetError":"Bedrag in winkelmandje is minder dan bedrag van voucher","consumerWebMenuAndCheckout.voucher.common.voucherDeliveryOption":"Bezorgopties","consumerWebMenuAndCheckout.voucher.common.voucherCantBeUsedWithUnlimitedFreeDelivery":"Je kunt vouchers helaas niet combineren met gratis bezorging. Kies Bezorgkosten en voeg je voucher opnieuw toe.","consumerWebMenuAndCheckout.voucher.common.termsAndConditionHeading":"Algemene voorwaarden","consumerWebMenuAndCheckout.voucher.common.voucherRestrictionWarningText":"Vouchercodes zijn niet toepasbaar op producten met een bepaalde restrictie, zoals bijvoorbeeld alcohol en tabak.","consumerWebMenuAndCheckout.voucher.common.voucherNotificationPrompt":"Producten met bepaalde restricties zijn uitgesloten van deze korting.","consumerWebMenuAndCheckout.voucher.common.voucherRestrictionTitle":"Beperkingen","consumerWebMenuAndCheckout.voucher.common.voucherRestrictionBody":"De opgegeven vouchercode kan niet worden toegepast op producten met een bepaalde restrictie, zoals bijvoorbeeld tabak en alcohol","consumerWebMenuAndCheckout.voucher.common.voucherApplied":"Een voucher voor {value} korting is aan je bestelling toegevoegd.{isPercentage, select, true { Je bespaart {amount}.} other {}}","consumerWebMenuAndCheckout.voucher.common.voucherAppliedWithCode":"Je vouchercode {code} is toegepast.","consumerWebMenuAndCheckout.voucher.common.apply":"Toepassen","consumerWebMenuAndCheckout.voucher.common.addYourVoucherLabel":"Je voucher gebruiken","consumerWebMenuAndCheckout.leavingCheckoutModal.labels.title":"Sla mijn informatie op","consumerWebMenuAndCheckout.leavingCheckoutModal.labels.content":"Wil je je gegevens opslaan voordat je teruggaat naar de menupagina?","consumerWebMenuAndCheckout.leavingCheckoutModal.buttons.saveButton":"Sla mijn wijzigingen op","consumerWebMenuAndCheckout.leavingCheckoutModal.buttons.discardButton":"Verwerp mijn wijzigingen","consumerWebMenuAndCheckout.takeawayPay.common.title":"Takeaway Pay","consumerWebMenuAndCheckout.takeawayPay.allowance.label":"{amount} tegoed","consumerWebMenuAndCheckout.takeawayPay.allowance.details":"Je hebt momenteel  {amount} {takeawayPay} tegoed. Je kunt je tegoed vinden bij je betalingsmethoden en het op elk moment gebruiken.","consumerWebMenuAndCheckout.takeawayPay.allowance.removeButton":"Tegoed verwijderen","consumerWebMenuAndCheckout.takeawayPay.allowance.applicablePrefix":" available","consumerWebMenuAndCheckout.takeawayPay.reference.labelBar":"Referentie:","consumerWebMenuAndCheckout.takeawayPay.reference.labelForm":"Je referentie","consumerWebMenuAndCheckout.takeawayPay.reference.addButton":"Voeg je referentie toe","consumerWebMenuAndCheckout.takeawayPay.reference.removeButton":"Verwijder referentie","consumerWebMenuAndCheckout.takeawayPay.reference.description":"Je referentie wordt aan je bestelling toegevoegd en kan door je bedrijf worden achterhaald.","consumerWebMenuAndCheckout.takeawayPay.reference.title":"Takeaway Pay-referentie","consumerWebMenuAndCheckout.takeawayPay.reference.placeholder":"Bijv. ordernummer, projectcode, kostenpost","consumerWebMenuAndCheckout.takeawayPay.reference.brandTitle":"{takeawayPayProductBrand}-referentie","consumerWebMenuAndCheckout.takeawayPay.reference.errorLabelBar":"Voer een referentie in","consumerWebMenuAndCheckout.takeawayPay.reference.skipReferenceText":"Ik heb geen referentie","consumerWebMenuAndCheckout.takeawayPay.reference.approvedReferenceError":"Voer een referentie in die is goedgekeurd door je beheerder","consumerWebMenuAndCheckout.takeawayPay.reference.approvedReferenceAllowSkipError":"Voer een referentie in die is goedgekeurd door je beheerder of selecteer\r\n","consumerWebMenuAndCheckout.takeawayPay.reference.addReference":"Referentie toevoegen","consumerWebMenuAndCheckout.takeawayPay.b2bModal.header":"About {takeawayPayProductBrand}","consumerWebMenuAndCheckout.takeawayPay.b2bModal.content":"# Je werkgever kan je nu een flexibel maaltijdtegoed bieden\r\n\r\n* **Geniet van je maaltijden, waar je ook werkt**.  \r\n  Werkgevers kunnen teams een tegoed bieden waarmee ze thuis, op kantoor of onderweg eten kunnen bestellen\r\n* **Serveer eten tijdens evenementen en webinars**.  \r\n  Trakteer bezoekers op verse ingrediÃ«nten tijdens een conferentie of online evenement\r\n* **Flexibiliteit en gemak**.  \r\n  Bestel en haal af, of betaal met de {takeawayPayProductBrand} Card, en geniet van eindeloze maaltijdopties wanneer het jou uitkomt\r\n\r\n*Opmerking: Je werkgever moet je aanmelden voor deze dienst","consumerWebMenuAndCheckout.takeawayPay.b2bModal.learnMore":"Lees meer","consumerWebMenuAndCheckout.takeawayPay.b2bModal.continueOrder":"Doorgaan met bestellen","consumerWebMenuAndCheckout.takeawayPay.b2bModal.helper":"Your changes will be saved","consumerWebMenuAndCheckout.menuCategoryNavigation.actions.labelSearch":"Zoekt naar een product","consumerWebMenuAndCheckout.menuCategoryNavigation.actions.labelNext":"Toon de volgende categorie","consumerWebMenuAndCheckout.menuCategoryNavigation.actions.labelPrev":"Toon de vorige categorie","consumerWebMenuAndCheckout.menuCategoryNavigation.buttons.popularItems":"Populair â¤ï¸","consumerWebMenuAndCheckout.menuCategoryNavigation.buttons.popularTitle":"Populair","consumerWebMenuAndCheckout.menuCategoryNavigation.buttons.highlightsTitle":"Uitgelicht","consumerWebMenuAndCheckout.menuCategoryNavigation.page.title":"CategorieÃ«n","consumerWebMenuAndCheckout.menuCategoryNavigation.a11y.landmarkLabel":"MenucategorieÃ«n","consumerWebMenuAndCheckout.menuCategoryNavigation.a11y.iconButton":"Open een lijst met menucategorieÃ«n","consumerWebMenuAndCheckout.checkoutChangedModal.buttons.confirmButton":"Bevestigen","consumerWebMenuAndCheckout.checkoutChangedModal.buttons.cancelButton":"Annuleer","consumerWebMenuAndCheckout.checkoutChangedModal.content.deliveryCostChanged":"De {postalCode} is veranderd en {restaurant} hanteert andere bezorgkosten in dit gebied. Daarom zijn de bezorgkosten gewijzigd van {currentPrice} naar {newPrice}. Klik op OK en plaats je bestelling opnieuw.","consumerWebMenuAndCheckout.checkoutChangedModal.content.movChanged":"Restaurant {restaurant} hanteert een ander minimum bestelbedrag voor {postalCode}. Het totaalbedrag van je bestelling is lager dan het minimale bedrag van {minimumOrderPrice}. Wil je terugkeren naar het menu om iets aan je bestelling toe te voegen?\r\n","consumerWebMenuAndCheckout.checkoutChangedModal.content.dynamicDeliveryFeeIncreased":"Bezorgkosten verhoogd naar {newPrice}.\r\nWe hebben de bezorgkosten tijdelijk verhoogd, vanwege het hoge aantal bestellingen. Eerdere bezorgkosten: {currentPrice}","consumerWebMenuAndCheckout.checkoutChangedModal.content.dynamicDeliveryFeeDecreased":"Wijziging bezorgkosten.\r\nWe hebben onze bezorgkosten verlaagd. Je bezorgkosten zijn nu {newPrice}.","consumerWebMenuAndCheckout.checkoutChangedModal.heading.heading":"Wijzigingen in je bestelling","consumerWebMenuAndCheckout.restaurant.status.open":"Geopend","consumerWebMenuAndCheckout.restaurant.status.openingTime":"{start} - {end}","consumerWebMenuAndCheckout.restaurant.status.closedForDelivery":"Gesloten voor bezorging","consumerWebMenuAndCheckout.restaurant.status.closedForPickup":"Gesloten voor afhalen","consumerWebMenuAndCheckout.restaurant.status.openAt":"Vanaf {openingTime}","consumerWebMenuAndCheckout.restaurant.status.closedForCollection":"Gesloten voor afhalen","consumerWebMenuAndCheckout.restaurant.infoPage.deliveryCosts":"Bezorgkosten","consumerWebMenuAndCheckout.restaurant.infoPage.minimumOrderAmount":"Minimum bestelbedrag","consumerWebMenuAndCheckout.restaurant.infoPage.free":"Gratis","consumerWebMenuAndCheckout.restaurant.infoPage.legalRepresentative":"Vertegenwoordiger: {content}","consumerWebMenuAndCheckout.restaurant.infoPage.chamberOfCommerce":"KVK-vestiging: {content}","consumerWebMenuAndCheckout.restaurant.infoPage.registryNumber":"KVK-nummer: {content}","consumerWebMenuAndCheckout.restaurant.infoPage.vatNumber":"BTW nummer: {content}","consumerWebMenuAndCheckout.restaurant.infoPage.linkOdr":"Platform van de Europese Commissie voor online geschillenbeslechting: {content}","consumerWebMenuAndCheckout.restaurant.infoPage.colophon":"Colofon","consumerWebMenuAndCheckout.restaurant.infoPage.website":"Website","consumerWebMenuAndCheckout.restaurant.infoPage.paymentMethods":"Betaalmethoden","consumerWebMenuAndCheckout.restaurant.infoPage.helpfulText":"Wij zijn een professionele handelaar. {learnMore} over hoe wij en {brandName} samen onze verantwoordelijkheid richting de consument dragen.","consumerWebMenuAndCheckout.restaurant.infoPage.helpfulTextLink":"Ontdek meer","consumerWebMenuAndCheckout.restaurant.infoPage.sendEmail":"Stuur ons een e-mail","consumerWebMenuAndCheckout.restaurant.infoPage.serviceCharge":"A {amount} service charge will be added to this order. It will allow us to keep making improvements to our service and your order experience.","consumerWebMenuAndCheckout.restaurant.infoPage.restaurantDescription":"Info over ons","consumerWebMenuAndCheckout.restaurant.infoPage.fees":"Kosten","consumerWebMenuAndCheckout.restaurant.infoPage.deliveryFees":"Bezorgkosten","consumerWebMenuAndCheckout.restaurant.infoPage.businessDetail":"Business details","consumerWebMenuAndCheckout.restaurant.infoPage.fax":"Fax","consumerWebMenuAndCheckout.restaurant.infoPage.legalActingOnBehalf":"handelt namens","consumerWebMenuAndCheckout.restaurant.infoPage.orderValue":"Bestelbedrag*","consumerWebMenuAndCheckout.restaurant.infoPage.delivery":"Bezorging","consumerWebMenuAndCheckout.restaurant.infoPage.under":"Onder","consumerWebMenuAndCheckout.restaurant.infoPage.over":"Over","consumerWebMenuAndCheckout.restaurant.infoPage.additionalInformationAboutDeliveryFee":"*excl. aanbiedingen, servicekosten en bezorgkosten.","consumerWebMenuAndCheckout.restaurant.infoPage.noMinimumOrderAmount":"Geen minimumbestelbedrag","consumerWebMenuAndCheckout.restaurant.infoPage.reportLink":"Juridisch probleem melden","consumerWebMenuAndCheckout.restaurant.infoPage.additionalInformationAboutDeliveryFeeWithBenefit":"Bij contante betaling kunnen er bezorgkosten gelden.","consumerWebMenuAndCheckout.restaurant.infoPage.benefitNotificationInfo":"Dit restaurant heeft een hoger minimum bestelbedrag ingesteld voor bezorging.","consumerWebMenuAndCheckout.restaurant.infoPage.benefitNotifications":"This restaurant has set a higher minimum order spend required for delivery.","consumerWebMenuAndCheckout.restaurant.infoPage.additionalInformationAboutDeliveryFeeWithBenefits":" If paying by cash, delivery fees may apply.","consumerWebMenuAndCheckout.restaurant.infoPage.alcoholLicenseHeadingText":"Alcohol License","consumerWebMenuAndCheckout.restaurant.infoPage.alcoholLicenseBodyText":"Liquor license number {alcoholLicenseId}","consumerWebMenuAndCheckout.restaurant.aboutModal.title":"Over dit bedrijf","consumerWebMenuAndCheckout.restaurant.aboutModal.reviews":"Beoordelingen","consumerWebMenuAndCheckout.restaurant.aboutModal.info":"Info","consumerWebMenuAndCheckout.restaurant.aboutModal.discounts":"Acties","consumerWebMenuAndCheckout.restaurant.aboutModal.offers":"Aanbiedingen","consumerWebMenuAndCheckout.restaurant.aboutModal.about":"About","consumerWebMenuAndCheckout.restaurant.discountsPage.all":"Alles","consumerWebMenuAndCheckout.restaurant.discountsPage.deliveryOnly":"Alleen bezorgen","consumerWebMenuAndCheckout.restaurant.discountsPage.pickupOnly":"Alleen afhalen","consumerWebMenuAndCheckout.restaurant.discountsPage.collectionOnly":"Alleen afhalen","consumerWebMenuAndCheckout.restaurant.shippingTimes.deliveryTimes":"Bezorgtijden","consumerWebMenuAndCheckout.restaurant.shippingTimes.pickupTimes":"Afhaaltijden","consumerWebMenuAndCheckout.restaurant.shippingTimes.day0":"Zondag","consumerWebMenuAndCheckout.restaurant.shippingTimes.day1":"Maandag","consumerWebMenuAndCheckout.restaurant.shippingTimes.day2":"Dinsdag","consumerWebMenuAndCheckout.restaurant.shippingTimes.day3":"Woensdag","consumerWebMenuAndCheckout.restaurant.shippingTimes.day4":"Donderdag","consumerWebMenuAndCheckout.restaurant.shippingTimes.day5":"Vrijdag","consumerWebMenuAndCheckout.restaurant.shippingTimes.day6":"Zaterdag","consumerWebMenuAndCheckout.restaurant.shippingTimes.collectionTimes":"Afhaaltijden","consumerWebMenuAndCheckout.restaurant.addressCard.title":"Adres","consumerWebMenuAndCheckout.restaurant.header.reviews":"{amount} Beoordelingen","consumerWebMenuAndCheckout.restaurant.header.stampCardInfo":"Bij dit restaurant kun je stempels verzamelen. Vink op de bestelpagina de knop naast \"Ik wil op de hoogte blijven van acties, nieuwe restaurants en aantrekkelijke kortingen\" aan, om de stempels via e-mail te ontvangen.","consumerWebMenuAndCheckout.restaurant.header.addFavouriteButton":"Toevoegen als favoriet restaurant","consumerWebMenuAndCheckout.restaurant.header.removeFavouriteButton":"Verwijderen uit favorieten","consumerWebMenuAndCheckout.restaurant.header.restaurantInfoButton":"Meer informatie","consumerWebMenuAndCheckout.restaurant.header.showReviews":"Toon beoordelingen","consumerWebMenuAndCheckout.restaurant.header.showLess":"Toon minder","consumerWebMenuAndCheckout.restaurant.header.showMore":"Lees verder","consumerWebMenuAndCheckout.restaurant.header.menuDescription":"Note:","consumerWebMenuAndCheckout.restaurant.header.preorderStatus":"Dit restaurant opent om {openingTime}. Je kunt nu bestellen voor {selectedShippingType} later.","consumerWebMenuAndCheckout.restaurant.header.delivery":"delivery","consumerWebMenuAndCheckout.restaurant.header.pickup":"collection","consumerWebMenuAndCheckout.restaurant.header.helpfulTextLink":"Ontdek","consumerWebMenuAndCheckout.restaurant.header.helpfulText":"Professionele handelaar. {learnMore} hoe verantwoordelijkheden voor bestellingen samen met {brandName} worden gedragen","consumerWebMenuAndCheckout.restaurant.header.caloriesSingleUnitText":"Adults need around 2000 kcal a day","consumerWebMenuAndCheckout.restaurant.header.caloriesDoubleUnitText":"Adults need around 2000 {firstUnit} a day. Equal to 8400 {secondUnit}.","consumerWebMenuAndCheckout.restaurant.header.groupOrderButton":"Groepsbestelling","consumerWebMenuAndCheckout.restaurant.header.viewGroupOrderButton":"Bekijk groepsbestelling","consumerWebMenuAndCheckout.restaurant.header.variableServiceFeeText":"Service Charge {percentage} % (min {minAmount}, max {maxAmount})","consumerWebMenuAndCheckout.restaurant.header.aboutUs":"About Us","consumerWebMenuAndCheckout.restaurant.header.intakeEnergyDoubleUnitText_gb":"Adults need around 2000 {firstUnit} a day. Equal to 8400 {secondUnit}.","consumerWebMenuAndCheckout.restaurant.header.intakeEnergySingleUnitText_gb":"Adults need around 2000 kcal a day","consumerWebMenuAndCheckout.restaurant.header.intakeEnergySingleUnitText_au":"The average adult daily energy intake is 8700 kJ","consumerWebMenuAndCheckout.restaurant.header.intakeEnergyDoubleUnitText_au":"The average adult daily energy intake is around 8700 {firstUnit} a day. Equal to 2100 {secondUnit}.","consumerWebMenuAndCheckout.restaurant.discount.deliveryTag":"Bezorgen","consumerWebMenuAndCheckout.restaurant.discount.pickupTag":"Afhalen","consumerWebMenuAndCheckout.restaurant.discount.carouselTitle":"Acties","consumerWebMenuAndCheckout.restaurant.discount.carouselOfferTitle":"Aanbiedingen","consumerWebMenuAndCheckout.restaurant.discount.deliveryOnlyTag":"Alleen bezorgen","consumerWebMenuAndCheckout.restaurant.discount.pickupOnlyTag":"Alleen afhalen","consumerWebMenuAndCheckout.restaurant.discount.deliveryAndPickupTag":"Bezorging en afhalen","consumerWebMenuAndCheckout.restaurant.discount.deliveryAndCollectionTag":"Bezorging en afhalen","consumerWebMenuAndCheckout.restaurant.discount.collectionOnlyTag":"Alleen afhalen","consumerWebMenuAndCheckout.restaurant.stampcards.statusCardInProgressText":"{numberOfStampsRemaining} stempel te gaan","consumerWebMenuAndCheckout.restaurant.stampcards.statusCardCompleteButWaitingText":"Ready in 24 hours","consumerWebMenuAndCheckout.restaurant.stampcards.statusCardReadyToClaimText":"{voucherValue} discount ready!","consumerWebMenuAndCheckout.restaurant.stampcards.statusCardTitle":"Stempelkaarten","consumerWebMenuAndCheckout.restaurant.stampcards.statusCardNewToRestaurantText":"Ontdek meer","consumerWebMenuAndCheckout.restaurant.stampcards.statusCardNewToRestaurantTextVariant":"Earn money off","consumerWebMenuAndCheckout.restaurant.offer.carouselOfferTitle":"Aanbiedingen","consumerWebMenuAndCheckout.restaurant.offer.carouselTitle":"Acties","consumerWebMenuAndCheckout.restaurant.offer.deliveryAndPickupTag":"Bezorging en afhalen","consumerWebMenuAndCheckout.restaurant.offer.deliveryOnlyTag":"Alleen bezorgen","consumerWebMenuAndCheckout.restaurant.offer.deliveryTag":"Bezorgen","consumerWebMenuAndCheckout.restaurant.offer.pickupOnlyTag":"Alleen afhalen","consumerWebMenuAndCheckout.restaurant.offer.pickupTag":"Afhalen","consumerWebMenuAndCheckout.restaurant.offersPage.all":"Alles","consumerWebMenuAndCheckout.restaurant.offersPage.deliveryOnly":"Alleen bezorgen","consumerWebMenuAndCheckout.restaurant.offersPage.pickupOnly":"Alleen afhalen","consumerWebMenuAndCheckout.restaurant.reviews.reportLinkText":"Melden","consumerWebMenuAndCheckout.restaurant.feesModal.serviceFeeTitle":"Servicekosten","consumerWebMenuAndCheckout.restaurant.feesModal.serviceFeeContent":"Hiermee kunnen we onze dienstverlening (inclusief de klantenservice) en gebruikerservaring (inclusief het blijven uitbreiden van het voor jou beschikbare partneraanbod) aanbieden en blijven verbeteren.","consumerWebMenuAndCheckout.restaurant.feesModal.depositFeeTitle":"Statiegeld","consumerWebMenuAndCheckout.restaurant.feesModal.depositFeeContent":"Statiegeld is een terugbetaalbaar bedrag, vereist door lokale wetgeving, voor artikelen zoals blikjes en flessen, om recycling en andere werkwijzen te stimuleren die ecologisch duurzaam zijn.","consumerWebMenuAndCheckout.restaurant.feesModal.transactionCostTitle":"Transactiekosten","consumerWebMenuAndCheckout.restaurant.feesModal.transactionCostContent":"Wij brengen per bestelling een klein bedrag in rekening als je ervoor kiest om met deze betaalmethode te betalen. Daarmee kunnen we de aanvullende kosten dekken die door deze betaalmethode in rekening worden gebracht, zodat we ervoor kunnen zorgen dat je betaalervaring naadloos en veilig verloopt.","consumerWebMenuAndCheckout.restaurant.feesModal.deliveryFeeTitle":"Bezorgkosten","consumerWebMenuAndCheckout.restaurant.feesModal.deliveryFeeContent":"Deze dragen bij aan de bezorging naar jou. Dit kan variÃ«ren afhankelijk van bijvoorbeeld de afstand tot de winkel, de geselecteerde winkel, de bestelwaarde en soms het moment van de dag.","consumerWebMenuAndCheckout.restaurant.feesModal.minimumOrderValue":" De minimum bestelwaarde voor deze locatie is {amount}","consumerWebMenuAndCheckout.restaurant.feesModal.plasticBagFeeTitle":"Plastictoeslag","consumerWebMenuAndCheckout.restaurant.feesModal.plasticBagFeeContent":"De plastictoeslag wordt vastgesteld door bedrijven of lokale overheden, volgens de lokale wetgeving. Het is bedoeld om iets te doen aan de kosten van het gebruik van (wegwerp) plastic in verpakkingen en om afval te verminderen.","consumerWebMenuAndCheckout.restaurant.feesModal.under":"Onder ","consumerWebMenuAndCheckout.restaurant.feesModal.over":"Over ","consumerWebMenuAndCheckout.restaurant.feesModal.free":"Gratis","consumerWebMenuAndCheckout.restaurant.feesModal.additionalInformationAboutDeliveryFee":"Exclusief aanbiedingen, servicekosten en bezorgkosten.","consumerWebMenuAndCheckout.restaurant.feesModal.modalHeading":"Kosten","consumerWebMenuAndCheckout.restaurant.feesModal.deliveryServiceFeeContent":"Hiermee kunnen we een uitgebreide klantenservice bieden en kun je bestellingen volgen waarvan wij de bezorging afhandelen. Bovendien kunnen we hiermee onze dienstverlening en gebruikerservaring blijven verbeteren.","consumerWebMenuAndCheckout.restaurant.feesModal.bagFeeTitle":"Toeslag draagtas","consumerWebMenuAndCheckout.restaurant.feesModal.bagFeeContent":"Alle locaties zijn bij wet verplicht om klanten te laten betalen voor bepaalde soorten tassen. De kosten zijn gebaseerd op hoeveel tassen de locatie gemiddeld bij een bestelling gebruikt.","consumerWebMenuAndCheckout.restaurant.feesModal.orderValue":"Bestelbedrag*","consumerWebMenuAndCheckout.restaurant.feesModal.delivery":"Bezorging","consumerWebMenuAndCheckout.restaurant.feesModal.smallOrderFeeContent":"De toeslag wordt bepaald door de locatie waar je bestelt. Hij wordt berekend door de waarde in je winkelmandje af te trekken van het minimum bestelbedrag van de locatie. Als je deze toeslag niet wil, voeg dan meer producten toe aan je bestelling.","consumerWebMenuAndCheckout.restaurant.feesModal.introContent":"Je hebt nu de mogelijkheid om minder te bestellen als je een kleine toeslag betaalt.","consumerWebMenuAndCheckout.restaurant.feesModal.smallOrderFeeTitle":"Hoe werkt het?","consumerWebMenuAndCheckout.restaurant.feesModal.gotIt":"Begrepen!","consumerWebMenuAndCheckout.restaurant.feesModal.smallOrderFee":"Toeslag kleine bestelling","consumerWebMenuAndCheckout.restaurant.feesModal.benefitNotification":"Dit restaurant heeft een hoger minimum bestelbedrag ingesteld voor bezorging.","consumerWebMenuAndCheckout.restaurant.feesModal.additionalInformationAboutDeliveryFeeBenefit":"Bij contante betaling kunnen er bezorgkosten gelden.","consumerWebMenuAndCheckout.restaurant.feesModal.smallOrderFeeThreshold":"Your order's below {price} minimum for the restaurant. Add more items to remove this fee.","consumerWebMenuAndCheckout.restaurant.feesModal.dynamicDeliveryFeeDescription":"Delivery fees vary based on factors like demand, distance and time. ","consumerWebMenuAndCheckout.restaurant.feesModal.dynamicDeliveryFeeTitle":"Your delivery fee has changed","consumerWebMenuAndCheckout.restaurant.feesModal.dynamicDeliveryFeeHeading1":"High delivery demand","consumerWebMenuAndCheckout.restaurant.feesModal.dynamicDeliveryFeeContent1":"At peak times, delivery fees might be higher. This helps us meet demand and maintain the quality of our service.","consumerWebMenuAndCheckout.restaurant.feesModal.dynamicDeliveryFeeHeading2":"Delivery address","consumerWebMenuAndCheckout.restaurant.feesModal.dynamicDeliveryFeeContent2":"Your delivery fee can change if you update your address at checkout. Longer journeys have higher fees.","consumerWebMenuAndCheckout.restaurant.feesModal.previousDeliveryFee":"Eerdere bezorgkosten: {fee}","consumerWebMenuAndCheckout.restaurant.feesModal.newDeliveryFee":"Nieuwe bezorgkosten: {fee}","consumerWebMenuAndCheckout.restaurant.feesModal.ok":"Ok","consumerWebMenuAndCheckout.restaurant.preorderModal.deliveryPreorderHeader":"{restaurantName} begint met bezorgen om {deliveryOpeningTime}","consumerWebMenuAndCheckout.restaurant.preorderModal.deliveryNotAvailableHeader":"{restaurantName} levert momenteel niet","consumerWebMenuAndCheckout.restaurant.preorderModal.deliveryPreorderContent":"Je kunt een bezorging na {deliveryOpeningTime} plannen of het eten nu bestellen om het af te halen.","consumerWebMenuAndCheckout.restaurant.preorderModal.deliveryNotAvailableContent":"Maar je kunt een bestelling plaatsen om het eten nu af te halen.","consumerWebMenuAndCheckout.restaurant.preorderModal.deliveryNotAvailablePickupContent":"Maar je kunt een bestelling plaatsen om het eten vanaf {pickupOpeningTime} af te halen.","consumerWebMenuAndCheckout.restaurant.preorderModal.pickupPreorderHeader":"{restaurantName} is voor het afhalen om {pickupOpeningTime} geopend.","consumerWebMenuAndCheckout.restaurant.preorderModal.pickupNotAvailableHeader":"{restaurantName} is momenteel gesloten voor het afhalen","consumerWebMenuAndCheckout.restaurant.preorderModal.pickupDeliveryPreorderContent":"Je kunt het afhalen na {pickupOpeningTime} plannen of een bezorging na {deliveryOpeningTime} plannen.","consumerWebMenuAndCheckout.restaurant.preorderModal.pickupNotAvailableContent":"Maar je kunt een bezorging na {deliveryOpeningTime} plannen.","consumerWebMenuAndCheckout.restaurant.preorderModal.deliveryOfflinePickupOfflineHeader":"{restaurantName} accepteert momenteel geen bestellingen","consumerWebMenuAndCheckout.restaurant.preorderModal.deliveryPreorderPickupPreorderContent":"Je kunt een bezorging na {deliveryOpeningTime} plannen of plannen om het eten vanaf {pickupOpeningTime} af te halen.","consumerWebMenuAndCheckout.restaurant.preorderModal.pickupPreorderDeliveryOpenContent":"Je kan een afhaalbestelling inplannen vanaf {pickupOpeningTime} of nu een bestelling laten bezorgen","consumerWebMenuAndCheckout.restaurant.preorderModal.pickupNotAvailableDeliveryOpenContent":"Maar je kan nu een bestelling laten bezorgen","consumerWebMenuAndCheckout.restaurant.preorderModal.continueButton":"Doorgaan","consumerWebMenuAndCheckout.restaurant.preorderModal.orderForLaterButton":"Bestelling voor later","consumerWebMenuAndCheckout.restaurant.preorderModal.orderDeliveryForLaterButton":"Bezorging voor later","consumerWebMenuAndCheckout.restaurant.preorderModal.orderForCollectionButton":"Bestelling om af te halen","consumerWebMenuAndCheckout.restaurant.preorderModal.orderCollectionForLaterButton":"Bestelling om later af te halen","consumerWebMenuAndCheckout.restaurant.preorderModal.seeOpenPlacesButton":"Zie open locaties","consumerWebMenuAndCheckout.restaurant.preorderModal.seeMenuAnywayButton":"Doorgaan","consumerWebMenuAndCheckout.restaurant.drone.deliverySelectedBanner":"Drone delivery selected","consumerWebMenuAndCheckout.restaurant.drone.deliverySelectedButton":"Use courier","consumerWebMenuAndCheckout.restaurant.drone.bannerHeader":"Get it delivered by drone!","consumerWebMenuAndCheckout.restaurant.drone.bannerButton":"Try now","consumerWebMenuAndCheckout.restaurant.drone.whyDroneHeader":"Why choose drone delivery?","consumerWebMenuAndCheckout.restaurant.drone.whyDroneBullet1":"Quick and direct delivery","consumerWebMenuAndCheckout.restaurant.drone.whyDroneBullet2":"Accurate and safe","consumerWebMenuAndCheckout.restaurant.drone.whyDroneBullet3":"Fun and exciting experience","consumerWebMenuAndCheckout.restaurant.drone.whyDroneButton":"Try it today","consumerWebMenuAndCheckout.restaurant.drone.infoModalHeading":"Ready for take off? Hereâs what you need to know","consumerWebMenuAndCheckout.restaurant.drone.infoModalButton":"Add items to order","consumerWebMenuAndCheckout.restaurant.drone.infoModalCancel":"Cancel","consumerWebMenuAndCheckout.restaurant.drone.infoModalSubTitle1":"Houses only, for now","consumerWebMenuAndCheckout.restaurant.drone.infoModalDescription1":"No flats, apartments or businesses.","consumerWebMenuAndCheckout.restaurant.drone.infoModalSubTitle2":"3m of clear space needed","consumerWebMenuAndCheckout.restaurant.drone.infoModalDescription2":"Keep this clear for safe delivery","consumerWebMenuAndCheckout.restaurant.drone.infoModalSubTitle3":"2kg weight limit","consumerWebMenuAndCheckout.restaurant.drone.infoModalDescription3":"This is roughly 2 burritos and 2 cans, but weâll let you know if you add too much.","consumerWebMenuAndCheckout.restaurant.drone.infoModalSubTitle4":"Weâll deliver to the front or back garden","consumerWebMenuAndCheckout.restaurant.drone.infoModalDescription4":"Depending on flight conditions.","consumerWebMenuAndCheckout.restaurant.drone.droneSafetyHeader":"The drone will deliver your order to your front or back garden","consumerWebMenuAndCheckout.restaurant.drone.droneSafetyDescription":"When the drone is nearby, youâll get an in-app notification saying âcourier is nearby.â You'll get a quick automated call from Manna as well.","consumerWebMenuAndCheckout.restaurant.drone.droneSafetySubTitle":"Safety reminders","consumerWebMenuAndCheckout.restaurant.drone.droneSafetyCard1":"Stay inside until the drone flies away","consumerWebMenuAndCheckout.restaurant.drone.droneSafetyCard2":"Keep delivery spot clear","consumerWebMenuAndCheckout.restaurant.drone.droneSafetyCard3":"Do not pull the string","consumerWebMenuAndCheckout.restaurant.drone.droneSafetyCard4":"Do not cut the string","consumerWebMenuAndCheckout.restaurant.drone.droneSafetyDisclaimer1":"By continuing, we may reach out to you to enquire about your experience.","consumerWebMenuAndCheckout.restaurant.drone.droneSafetyDisclaimer2":"By continuing I acknowledge my data will be shared with a third party drone delivery service.","consumerWebMenuAndCheckout.restaurant.drone.droneSafetyCheckoutButton":"Afrekenen ({total})","consumerWebMenuAndCheckout.restaurant.drone.closeButton":"Close","consumerWebMenuAndCheckout.restaurant.drone.safetyModalButton":"I understand","consumerWebMenuAndCheckout.restaurant.expressCollect.findUs":"Find us before you order","consumerWebMenuAndCheckout.restaurant.expressCollect.openMap":"Open map","consumerWebMenuAndCheckout.restaurant.expressCollect.whereToFind":"Where to find us","consumerWebMenuAndCheckout.restaurant.expressCollect.done":"Done","consumerWebMenuAndCheckout.checkout.buttons.cartButton":"Winkelmandje ({total})","consumerWebMenuAndCheckout.checkout.buttons.checkoutButton":"Afrekenen ({total})","consumerWebMenuAndCheckout.checkout.buttons.orderAndPay":"Bestel en betaal","consumerWebMenuAndCheckout.checkout.buttons.orderAndPayWithPaymentMethod":"{buttonText} met {paymentMethod}{isTotalRequired, select, true { ({total})} other {}}","consumerWebMenuAndCheckout.checkout.buttons.goToRestaurantList":"Terug naar het restaurantoverzicht","consumerWebMenuAndCheckout.checkout.buttons.done":"Klaar","consumerWebMenuAndCheckout.checkout.buttons.addMoreItemsButton":"Meer producten toevoegen","consumerWebMenuAndCheckout.checkout.buttons.addItemsButton":"Producten toevoegen","consumerWebMenuAndCheckout.checkout.buttons.viewOrder":"Afrekenen ({total})","consumerWebMenuAndCheckout.checkout.buttons.signIn":"Inloggen","consumerWebMenuAndCheckout.checkout.buttons.continue":"Continue","consumerWebMenuAndCheckout.checkout.buttons.checkoutButtonLabel":"Afrekenen","consumerWebMenuAndCheckout.checkout.buttons.signInRequiredButtonLinkTitle":"Sign-in required. Click to navigate to the login page.","consumerWebMenuAndCheckout.checkout.buttons.goToPayment":"Go to payment","consumerWebMenuAndCheckout.checkout.buttons.proceedToPayment":"Proceed to payment","consumerWebMenuAndCheckout.checkout.buttons.payWithPaypal":"Pay with PayPal","consumerWebMenuAndCheckout.checkout.buttons.verifyAndPay":"Verify \u0026 pay","consumerWebMenuAndCheckout.checkout.buttons.goToCheckout":"Ga naar afrekenen","consumerWebMenuAndCheckout.checkout.buttons.viewBasket":"Bekijk winkelmandje","consumerWebMenuAndCheckout.checkout.buttons.logIn":"Inloggen","consumerWebMenuAndCheckout.checkout.buttons.createAccount":"Account aanmaken","consumerWebMenuAndCheckout.checkout.buttons.save":"Opslaan","consumerWebMenuAndCheckout.checkout.buttons.payByBankApp":"Pay by bank-app","consumerWebMenuAndCheckout.checkout.buttons.orderAndPayButton":"Bestel en betaal","consumerWebMenuAndCheckout.checkout.buttons.payWith":"Betalen met","consumerWebMenuAndCheckout.checkout.titles.cartTitle":"Winkelmandje","consumerWebMenuAndCheckout.checkout.titles.deliveryCard":"Adres en persoonlijke gegevens","consumerWebMenuAndCheckout.checkout.titles.pickupAddress":"Hier kun je je bestelling afhalen.","consumerWebMenuAndCheckout.checkout.titles.personalDetails":"Persoonlijke gegevens","consumerWebMenuAndCheckout.checkout.titles.checkoutTitle":"Afrekenen","consumerWebMenuAndCheckout.checkout.titles.deliveryTime":"Bezorgtijd","consumerWebMenuAndCheckout.checkout.titles.pickupTime":"Afhaaltijd","consumerWebMenuAndCheckout.checkout.titles.collectionAddress":"Hier kun je je bestelling afhalen.","consumerWebMenuAndCheckout.checkout.titles.collectionTime":"Afhaaltijd","consumerWebMenuAndCheckout.checkout.titles.collectionModal":"Afhaalgegevens","consumerWebMenuAndCheckout.checkout.errors.unsupportedAddress":"Vul je straatnaam en huisnummer in.","consumerWebMenuAndCheckout.checkout.errors.completeDeliveryDetails":"Voltooi bezorgdetails","consumerWebMenuAndCheckout.checkout.errors.completePersonalDetails":"Voltooi persoonlijke details","consumerWebMenuAndCheckout.checkout.errors.networkError":"U bent momenteel niet verbonden met internet","consumerWebMenuAndCheckout.checkout.errors.noShippingToRequestedAddressError":"{restaurantName} bezorgt niet in {deliveryArea}. {link} om restaurants te bekijken die in {deliveryArea} bezorgen.\r\n","consumerWebMenuAndCheckout.checkout.errors.clickHere":"Tik hier","consumerWebMenuAndCheckout.checkout.errors.genericError":"Er is een onbekende fout opgetreden","consumerWebMenuAndCheckout.checkout.errors.bffFatalError":"Er is een onbekende fout opgetreden","consumerWebMenuAndCheckout.checkout.errors.businessError":"Er is een onbekende fout opgetreden","consumerWebMenuAndCheckout.checkout.errors.restaurantIsClosed":"Het restaurant dat u heeft gekozen is momenteel gesloten. U kunt terug naar het restaurantoverzicht en een ander restaurant kiezen om te bestellen.\r\n","consumerWebMenuAndCheckout.checkout.errors.voucherError":"Voucher kon niet gebruikt worden. Probeer het later nog eens.","consumerWebMenuAndCheckout.checkout.errors.paymentError":"Je hebt je {paymentMethod}-betaling geannuleerd of er is een fout opgetreden bij het afronden van je {paymentMethod}-betaling, probeer het later nogmaals.\r\n","consumerWebMenuAndCheckout.checkout.errors.shippingTimeIsInvalid":"Het gekozen moment voor {shippingType} is verlopen. Kies een nieuw {shippingType} moment of kies \"ASAP\" (zo snel mogelijk).\r\n","consumerWebMenuAndCheckout.checkout.errors.paymentIsFailed":"Er is een fout opgetreden bij het afronden van je {paymentMethod}-betaling, probeer het later nogmaals.","consumerWebMenuAndCheckout.checkout.errors.paymentIsCancelled":"Je hebt je {paymentMethod}-betaling geannuleerd of er is een fout opgetreden bij het afronden van je {paymentMethod}-betaling, probeer het later nogmaals.\r\n","consumerWebMenuAndCheckout.checkout.errors.paymentIsExpired":"Uw betaling is verlopen.","consumerWebMenuAndCheckout.checkout.errors.shippingTypeNotAvailable":"Dit restaurant is alleen beschikbaar voor {shippingType}.","consumerWebMenuAndCheckout.checkout.errors.paymentIsNotFound":"De betaling kon niet worden gevonden. Controleer je e-mail voor een bevestiging van je bestelling. Bestel opnieuw wanneer je geen bevestiging hebt ontvangen.\r\n","consumerWebMenuAndCheckout.checkout.errors.paymentIsUnknown":"De betaling is onbekend. Controleer je e-mail voor een bevestiging van je bestelling. Bestel opnieuw wanneer je geen bevestiging hebt ontvangen.\r\n","consumerWebMenuAndCheckout.checkout.errors.insufficientAllowance":"Onvoldoende allowance om deze bestelling met Takeaway Pay te kunnen betalen","consumerWebMenuAndCheckout.checkout.errors.unableToUseAllowance":"Fout bij het gebruiken van de allowance(s)","consumerWebMenuAndCheckout.checkout.errors.takeawayPayFetchedFailed":"Takeaway Pay. Oeps! Er ging iets mis.\r\nProbeer het nog een keer.","consumerWebMenuAndCheckout.checkout.errors.orderCancelled":"Due to some payment issues your order has been canceled. Please order again","consumerWebMenuAndCheckout.checkout.errors.voucherMovNotReached":"The voucher will not be applied because the minimum order value to use it was not reached. {addItemsLink}","consumerWebMenuAndCheckout.checkout.errors.reorderMissingProducts":"Een of meerdere van de producten die je opnieuw wilde bestellen zijn niet langer beschikbaar.","consumerWebMenuAndCheckout.checkout.errors.takeawayPayGeofencingError":"Je bevindt je buiten het door je werkgever toegestane bestelgebied van {takeawayPayProductBrand}. Gebruik een andere betaalmethode.","consumerWebMenuAndCheckout.checkout.errors.takeawayPayPartnerError":"Jouw bedrijf heeft de optie om boodschappen te bestellen met {takeawayPayProductBrand} geblokkeerd. Gebruik een andere betaalmethode om je bestelling af te ronden.","consumerWebMenuAndCheckout.checkout.errors.shippingTimeFetchFailed":"Failed to load {shippingType} times, please try again.","consumerWebMenuAndCheckout.checkout.errors.restaurantNotTakingOrders":"Weâre sorry, but the restaurant is not currently taking orders. Please choose another restaurant to order from.","consumerWebMenuAndCheckout.checkout.errors.serviceTypeUnavailable":"Weâre sorry, but the restaurant is not currently taking {shippingType} orders.","consumerWebMenuAndCheckout.checkout.errors.itemsUnorderable":"Weâre sorry, but some item(s) you wanted to order are no longer available. Please check your order before continuing.","consumerWebMenuAndCheckout.checkout.errors.additionalItemsRequired":"Weâre sorry, but the item(s) you are trying to order require other items before you can continue. Please amend your order.","consumerWebMenuAndCheckout.checkout.errors.minimumOrderValueNotMet":"Weâre sorry, but the minimum spend for your order has not been reached. Please amend your order.","consumerWebMenuAndCheckout.checkout.errors.fulfilmentTimeUnavailable":"Weâre sorry, but the time you have selected is no longer available. Please select another time.","consumerWebMenuAndCheckout.checkout.errors.locationUndeliverable":"Weâre sorry, but the restaurant does not currently deliver to this address. Please choose to order via collection or from another restaurant.","consumerWebMenuAndCheckout.checkout.errors.geolocationRequired":"Weâre sorry, but the restaurant does not currently deliver to this address. Please choose to order via collection or from another restaurant.","consumerWebMenuAndCheckout.checkout.errors.tableIdentifierRequired":"It appears you didnât tell us how to find you in the restaurant. Please enter your table number and try again.","consumerWebMenuAndCheckout.checkout.errors.orderNoteNotAccepted":"Weâre sorry, it appears your note has not been accepted.","consumerWebMenuAndCheckout.checkout.errors.kitchenNoteNotAccepted":"Weâre sorry, it appears your kitchen note has not been accepted.","consumerWebMenuAndCheckout.checkout.errors.courierNoteNotAccepted":"Weâre sorry, it appears your courier note has not been accepted.","consumerWebMenuAndCheckout.checkout.errors.ageVerificationFailed":"You must be over 18 to order alcohol.","consumerWebMenuAndCheckout.checkout.errors.firstNameRequired":"Please enter your first name","consumerWebMenuAndCheckout.checkout.errors.phoneNumberRequired":"Please enter your phone number","consumerWebMenuAndCheckout.checkout.errors.dateOfBirthRequired":"Please enter your date of birth","consumerWebMenuAndCheckout.checkout.errors.addressLinesRequired":"Please enter the first line of your address","consumerWebMenuAndCheckout.checkout.errors.townOrCityRequired":"Please enter your town or city","consumerWebMenuAndCheckout.checkout.errors.postalCodeRequired":"Please enter your full postcode","consumerWebMenuAndCheckout.checkout.errors.eircodeRequired":"Please enter your full Eircode","consumerWebMenuAndCheckout.checkout.errors.requestedAddressNotFoundError":"We canât find that address, sorry. Please check your search and try again.","consumerWebMenuAndCheckout.checkout.errors.unauthorizedBasketError":"This basket was created with a different account so we can't proceed, sorry.","consumerWebMenuAndCheckout.checkout.errors.tipInvalid":"Tipping is not available at the moment.","consumerWebMenuAndCheckout.checkout.errors.takeawayPayMandatoryPoNumber":"Je bestelling kon niet worden geplaatst, voer een geldige referentiecode voor tegoeden in.","consumerWebMenuAndCheckout.checkout.errors.requiredSectionError":"Vul alle benodigde velden in.","consumerWebMenuAndCheckout.checkout.errors.timeSlotExpired":"De gekozen bezorgtijd is verlopen. Kies een nieuw tijdvak of kies Zo snel mogelijk.","consumerWebMenuAndCheckout.checkout.texts.newsletter":"Ontvang kortingen, aanbiedingen en andere updates via e-mail, sms en pushberichten","consumerWebMenuAndCheckout.checkout.texts.asap":"Zo snel mogelijk","consumerWebMenuAndCheckout.checkout.texts.haveAccount":"Ik heb al een account","consumerWebMenuAndCheckout.checkout.texts.newsletterVariation":"Wil je kortingen, loyaliteitsaanbiedingen en andere updates via e-mail, sms en pushberichten ontvangen?","consumerWebMenuAndCheckout.checkout.texts.estimatedArrival":"Geschatte aankomsttijd: {min}-{max} min","consumerWebMenuAndCheckout.checkout.texts.marketingConsent":"Weâll send you emails, SMS or push messages to tell you about great Just Eat deals and services. If youâd rather we didnât, check the box.","consumerWebMenuAndCheckout.checkout.selects.selectDeliveryTime":"Kies bezorgtijd","consumerWebMenuAndCheckout.checkout.selects.selectPickupTime":"Kies afhaaltijd","consumerWebMenuAndCheckout.checkout.selects.selectCollectionTime":"Kies afhaaltijd","consumerWebMenuAndCheckout.checkout.termsAndConditions.termsAndConditions":"Door op {buttonText} te klikken ga je akkoord met de inhoud van het winkelmandje, de door jou ingevulde gegevens, ons {privacyStatement} en onze {termsOfUse}. Er geldt geen herroepingsrecht.","consumerWebMenuAndCheckout.checkout.termsAndConditions.termsOfUse":"voorwaarden","consumerWebMenuAndCheckout.checkout.termsAndConditions.privacyStatement":"privacyverklaring","consumerWebMenuAndCheckout.checkout.placeholders.deliveryTimePlaceholder":"Gewenste bezorgtijd","consumerWebMenuAndCheckout.checkout.placeholders.pickupTimePlaceholder":"Gewenst afhaaltijdstip","consumerWebMenuAndCheckout.checkout.placeholders.collectionTimePlaceholder":"Gewenst afhaaltijdstip","consumerWebMenuAndCheckout.checkout.placeholders.timeSlotPlaceholder":"Kies een tijdvak","consumerWebMenuAndCheckout.checkout.cart.total":"Totaal {isAmountRequired, select, true {{amount}} other {}}","consumerWebMenuAndCheckout.checkout.cart.showMoreItems":"Laat {isAmountRequired, select, true {{amount}} other {}} meer zien","consumerWebMenuAndCheckout.checkout.cart.showLess":"Laat minder zien","consumerWebMenuAndCheckout.checkout.cart.addComment":"Opmerking toevoegen","consumerWebMenuAndCheckout.checkout.cart.editComment":"Opmerking wijzigen","consumerWebMenuAndCheckout.checkout.cart.cancel":"Annuleer","consumerWebMenuAndCheckout.checkout.cart.delete":"Verwijder","consumerWebMenuAndCheckout.checkout.cart.add":"Voeg toe","consumerWebMenuAndCheckout.checkout.cart.save":"Opslaan","consumerWebMenuAndCheckout.checkout.cart.itemShowLess":"Toon minder","consumerWebMenuAndCheckout.checkout.cart.itemShowMore":"Lees verder","consumerWebMenuAndCheckout.checkout.cart.pickupLabel":"Schakelt naar bezorgen, je maaltijd wordt thuisbezorgd","consumerWebMenuAndCheckout.checkout.cart.deliveryLabel":"Schakelt naar afhaal modus, je eten dient bij het restaurant opgehaald te worden","consumerWebMenuAndCheckout.checkout.cart.pickupLink":"levering","consumerWebMenuAndCheckout.checkout.cart.deliveryLink":"pick-up","consumerWebMenuAndCheckout.checkout.cart.pickupNotification":"Je staat op het punt om een afhaalbestelling te plaatsen. Indien je niet wilt afhalen, wissel hier naar {delivery}.","consumerWebMenuAndCheckout.checkout.cart.free":"Gratis","consumerWebMenuAndCheckout.checkout.cart.deliveryCosts":"Bezorgkosten","consumerWebMenuAndCheckout.checkout.cart.subTotal":"Subtotaal","consumerWebMenuAndCheckout.checkout.cart.transactionCosts":"Transactiekosten {paymentMethod}","consumerWebMenuAndCheckout.checkout.cart.voucher":"Voucher","consumerWebMenuAndCheckout.checkout.cart.takeawayPay":"Takeaway Pay","consumerWebMenuAndCheckout.checkout.cart.freeDeliveryFrom":"GRATIS bezorging vanaf {costs}","consumerWebMenuAndCheckout.checkout.cart.emptyBasketHeading":"Vul je mandje","consumerWebMenuAndCheckout.checkout.cart.emptyBasketText":"Je winkelmandje is nog leeg","consumerWebMenuAndCheckout.checkout.cart.emptyBasketCta":"Items toevoegen","consumerWebMenuAndCheckout.checkout.cart.someItemsExcluded":"Dit product maakt geen deel uit van de minimum bestelwaarde.","consumerWebMenuAndCheckout.checkout.cart.itemsQuantity":"{totalNumberOfCartItems} items in basket","consumerWebMenuAndCheckout.checkout.cart.serviceFee":"Servicekosten","consumerWebMenuAndCheckout.checkout.cart.reorderMissingProducts":"You can still place a new order with the remaining products.","consumerWebMenuAndCheckout.checkout.cart.someProductsNotAvailable":"Some of the products are currently not available.","consumerWebMenuAndCheckout.checkout.cart.serviceFeeDescription":"De servicetoeslag is {paymentFeeValue}. ","consumerWebMenuAndCheckout.checkout.cart.transactionCostsDescription":"De transactiekosten zijn {paymentCostsValue} ","consumerWebMenuAndCheckout.checkout.cart.sslNote":"Je wordt doorverwezen naar de beveiligde SSL-pagina's van {paymentMethod}, waar je de {paymentMethod}-betaling kan uitvoeren.","consumerWebMenuAndCheckout.checkout.cart.edit":"Bewerken","consumerWebMenuAndCheckout.checkout.cart.readyToOrder":"You're all set","consumerWebMenuAndCheckout.checkout.cart.serviceFeeAdditionalInfo":"Aan deze bestelling wordt {paymentFeeValue} aan servicekosten toegevoegd. Dit helpt ons om onze service en jouw bestelervaring te blijven verbeteren","consumerWebMenuAndCheckout.checkout.cart.serviceChargeDescription":"Een servicekost wordt aangerekend.","consumerWebMenuAndCheckout.checkout.cart.serviceCharge":"Servicekosten","consumerWebMenuAndCheckout.checkout.cart.transactionCostDescription":"De transactiekosten zijn {paymentFeeValue} ","consumerWebMenuAndCheckout.checkout.cart.requiresOther":"Order requires a meal item","consumerWebMenuAndCheckout.checkout.cart.bagFee":"Toeslag draagtas","consumerWebMenuAndCheckout.checkout.cart.noteForExternalPayment":"* Vouchers and {takeawayPayProductBrand} can be submitted on the next page.","consumerWebMenuAndCheckout.checkout.cart.deliveryFees":"Bezorgkosten","consumerWebMenuAndCheckout.checkout.cart.ageRestriction":"age restriction {age} plus","consumerWebMenuAndCheckout.checkout.cart.multibuyDiscount":"Korting bij meerdere aanko","consumerWebMenuAndCheckout.checkout.cart.StampCardDiscountToggleDescription":"StampCard discount {stampCardDiscountValue} off your order","consumerWebMenuAndCheckout.checkout.cart.accountCredit":"Accounttegoed","consumerWebMenuAndCheckout.checkout.cart.itemsText":"{showCartItems, select, true {Verberg} other {Toon}} {totalNumberOfCartItems, select, 1 {1 product} other {{totalNumberOfCartItems} producten}}","consumerWebMenuAndCheckout.checkout.cart.tip":"Fooi","consumerWebMenuAndCheckout.checkout.cart.collectionLabel":"Schakelt naar bezorgen, je maaltijd wordt thuisbezorgd","consumerWebMenuAndCheckout.checkout.cart.collectionLink":"levering","consumerWebMenuAndCheckout.checkout.cart.collectionNotification":"Je staat op het punt om een afhaalbestelling te plaatsen. Indien je niet wilt afhalen, wissel hier naar {delivery}.","consumerWebMenuAndCheckout.checkout.cart.serviceFeeVariable":"Service fee {percentage} (min {minValue} max {maxValue})","consumerWebMenuAndCheckout.checkout.cart.savedTodayWithUnlimitedFreeDelivery":"{ufdVoucherAmount} saved on delivery today ","consumerWebMenuAndCheckout.checkout.cart.freeWithUnlimitedFreeDelivery":"freeWithUnlimitedFreeDelivery","consumerWebMenuAndCheckout.checkout.cart.smallOrderFee":"Toeslag kleine bestelling","consumerWebMenuAndCheckout.checkout.cart.smallOrderFeeNotification":"Je bestelling zit onder het minimumbedrag van {amount} voor dit restaurant. Voeg meer producten toe om deze toeslag eraf te halen.","consumerWebMenuAndCheckout.checkout.cart.updated":"GeÃ¼pdatet","consumerWebMenuAndCheckout.checkout.cart.transactionFee":"Transactiekosten","consumerWebMenuAndCheckout.checkout.cart.voucherPercentage":"{amount} voor in aanmerking komende producten","consumerWebMenuAndCheckout.checkout.cart.orderSummary":"Bestelsamenvatting","consumerWebMenuAndCheckout.checkout.cart.yourItems":"Je items","consumerWebMenuAndCheckout.checkout.cart.totalItems":"{totalNumberOfCartItems, select, 1 {1 item} other {{totalNumberOfCartItems} items}}","consumerWebMenuAndCheckout.checkout.cart.notesTitle":"Note","consumerWebMenuAndCheckout.checkout.cart.discountText":"{value}% korting","consumerWebMenuAndCheckout.checkout.deliveryAddressForm.optional":"(optioneel)","consumerWebMenuAndCheckout.checkout.deliveryAddressForm.title":"Bezorgadres","consumerWebMenuAndCheckout.checkout.deliveryAddressForm.fillInNewAddress":"Nieuw adres invullen","consumerWebMenuAndCheckout.checkout.deliveryAddressForm.savedAddressPrompt":"Vanaf welk adres bestel je?","consumerWebMenuAndCheckout.checkout.deliveryAddressForm.streetName":"Straat","consumerWebMenuAndCheckout.checkout.deliveryAddressForm.streetNamePlaceholder":"Typ je straatnaam","consumerWebMenuAndCheckout.checkout.deliveryAddressForm.streetNumber":"Huisnummer","consumerWebMenuAndCheckout.checkout.deliveryAddressForm.streetNumberPlaceholder":"Type je huisnummer","consumerWebMenuAndCheckout.checkout.deliveryAddressForm.postalCode":"Postcode","consumerWebMenuAndCheckout.checkout.deliveryAddressForm.postalCodePlaceholder":"Typ je postcode","consumerWebMenuAndCheckout.checkout.deliveryAddressForm.city":"Woonplaats","consumerWebMenuAndCheckout.checkout.deliveryAddressForm.cityPlaceholder":"Typ je stad","consumerWebMenuAndCheckout.checkout.deliveryAddressForm.companyName":"Bedrijfsnaam","consumerWebMenuAndCheckout.checkout.deliveryAddressForm.companyNamePlaceholder":"Typ je bedrijfsnaam","consumerWebMenuAndCheckout.checkout.deliveryAddressForm.intercom":"Intercom","consumerWebMenuAndCheckout.checkout.deliveryAddressForm.intercomPlaceholder":"Voer je intercom in","consumerWebMenuAndCheckout.checkout.deliveryAddressForm.block":"Woonblok","consumerWebMenuAndCheckout.checkout.deliveryAddressForm.blockPlaceholder":"Voer je bloknummer in","consumerWebMenuAndCheckout.checkout.deliveryAddressForm.door":"Deur","consumerWebMenuAndCheckout.checkout.deliveryAddressForm.doorPlaceholder":"Voer je deur in","consumerWebMenuAndCheckout.checkout.deliveryAddressForm.entrance":"Ingang","consumerWebMenuAndCheckout.checkout.deliveryAddressForm.entrancePlaceholder":"Voer je ingang in","consumerWebMenuAndCheckout.checkout.deliveryAddressForm.accessCode":"Toegangsnummer","consumerWebMenuAndCheckout.checkout.deliveryAddressForm.accessCodePlaceholder":"Voer je toegangscode in","consumerWebMenuAndCheckout.checkout.deliveryAddressForm.flatNumber":"Flatnummer","consumerWebMenuAndCheckout.checkout.deliveryAddressForm.flatNumberPlaceholder":"Voer je flatnummer in","consumerWebMenuAndCheckout.checkout.deliveryAddressForm.floor":"Verdieping","consumerWebMenuAndCheckout.checkout.deliveryAddressForm.floorPlaceholder":"Voer je verdieping in","consumerWebMenuAndCheckout.checkout.deliveryAddressForm.streetNameRequired":"Straatnaam is verplicht","consumerWebMenuAndCheckout.checkout.deliveryAddressForm.streetNumberRequired":"Huisnummer is verplicht","consumerWebMenuAndCheckout.checkout.deliveryAddressForm.streetNumberInvalid":"Ongeldig huisnummer","consumerWebMenuAndCheckout.checkout.deliveryAddressForm.postalCodeRequired":"Postcode is verplicht","consumerWebMenuAndCheckout.checkout.deliveryAddressForm.postalCodeInvalid":"Postcode ongeldig","consumerWebMenuAndCheckout.checkout.deliveryAddressForm.cityRequired":"Plaats is verplicht","consumerWebMenuAndCheckout.checkout.deliveryAddressForm.apartmentName":"Apartment name","consumerWebMenuAndCheckout.checkout.deliveryAddressForm.apartmentNamePlaceholder":"Type appartement naam","consumerWebMenuAndCheckout.checkout.deliveryAddressForm.map":"Show on map","consumerWebMenuAndCheckout.checkout.deliveryAddressForm.companyNameHelperText":"Wil je dat je werkgever je volgende bestelling betaalt?","consumerWebMenuAndCheckout.checkout.deliveryAddressForm.companyHelperLink":"Ontdek meer over {brandName} for business","consumerWebMenuAndCheckout.checkout.deliveryAddressForm.fieldWithEmojiInvalid":"Gebruik geen emojiâs.","consumerWebMenuAndCheckout.checkout.deliveryAddressForm.fieldWithSpecialCharactersInvalid":"Alleen -/.,;_'#+()@\u0026\"!?: zijn toegestaan","consumerWebMenuAndCheckout.checkout.deliveryAddressForm.streetNameInvalid":"Invalid street name","consumerWebMenuAndCheckout.checkout.deliveryAddressForm.cityInvalid":"Invalid city","consumerWebMenuAndCheckout.checkout.deliveryAddressForm.taxId":"NIP","consumerWebMenuAndCheckout.checkout.deliveryAddressForm.taxIdPlaceholder":"Type your NIP","consumerWebMenuAndCheckout.checkout.deliveryAddressForm.eircode":"Eircode","consumerWebMenuAndCheckout.checkout.deliveryAddressForm.eircodeHint":"Don't know your Eircode? Find it {link}.","consumerWebMenuAndCheckout.checkout.deliveryAddressForm.eircodeHintLink":"here","consumerWebMenuAndCheckout.checkout.deliveryAddressForm.eircodeInvalid":"Invalid Eircode","consumerWebMenuAndCheckout.checkout.deliveryAddressForm.eircodePlaceholder":"Enter your Eircode","consumerWebMenuAndCheckout.checkout.deliveryAddressForm.eircodeRequired":"Eircode is required","consumerWebMenuAndCheckout.checkout.deliveryAddressForm.streetAddress":"Straatnaam en huisnummer","consumerWebMenuAndCheckout.checkout.deliveryAddressForm.streetAddressRequired":"Street name and house number is required","consumerWebMenuAndCheckout.checkout.deliveryAddressForm.streetAddressInvalid":"Invalid street address and house number","consumerWebMenuAndCheckout.checkout.deliveryAddressForm.streetAddressPlaceholder":"Type street name and house number","consumerWebMenuAndCheckout.checkout.deliveryAddressForm.addressLine1":"Address Line 1","consumerWebMenuAndCheckout.checkout.deliveryAddressForm.addressLine2":"Address Line 2","consumerWebMenuAndCheckout.checkout.deliveryAddressForm.addressLine3":"Address Line 3","consumerWebMenuAndCheckout.checkout.deliveryAddressForm.fullAddressRequired":"Volledig adres is verplicht","consumerWebMenuAndCheckout.checkout.mov.allItemsExcluded":"Je kunt helaas nog niet bestellen. De producten die je hebt gekozen worden alleen in combinatie met andere producten geleverd.","consumerWebMenuAndCheckout.checkout.mov.diffToReachMov":"Benodigd bedrag om de minimum bestelwaarde te bereiken","consumerWebMenuAndCheckout.checkout.mov.minToReachMov":"Helaas, je kunt nog niet bestellen. {restaurantName} hanteert een minimum bestelbedrag van: {mov} (excl. bezorgkosten)","consumerWebMenuAndCheckout.checkout.mov.someItemsExcluded":"Dit product maakt geen deel uit van de minimum bestelwaarde.","consumerWebMenuAndCheckout.checkout.mov.differenceToReachMov":"Geef nog {amount} meer uit om je bestelling te laten bezorgen","consumerWebMenuAndCheckout.checkout.mov.spendMoreToReachUnlimitedFreeDelivery":"Nog {amount} tot je gratis bezorging","consumerWebMenuAndCheckout.checkout.mov.diffToReachMinimumOrderValue":"Benodigd bedrag om de minimum bestelwaarde te bereiken {amount}","consumerWebMenuAndCheckout.checkout.personalDetailsForm.optional":"(optioneel)","consumerWebMenuAndCheckout.checkout.personalDetailsForm.title":"Persoonlijke gegevens","consumerWebMenuAndCheckout.checkout.personalDetailsForm.name":"Voor- en achternaam","consumerWebMenuAndCheckout.checkout.personalDetailsForm.namePlaceholder":"Typ je voornaam en achternaam","consumerWebMenuAndCheckout.checkout.personalDetailsForm.email":"E-mailadres","consumerWebMenuAndCheckout.checkout.personalDetailsForm.emailPlaceholder":"Voer je e-mailadres in","consumerWebMenuAndCheckout.checkout.personalDetailsForm.phoneNumber":"Telefoon","consumerWebMenuAndCheckout.checkout.personalDetailsForm.phoneNumberPlaceholder":"Typ je telefoonnummer","consumerWebMenuAndCheckout.checkout.personalDetailsForm.checkoutNotice":"Wanneer een bestelling geplaatst wordt, ontvang je een bevestiging, statusmeldingen van Food Tracker en een verzoek om het restaurant te beoordelen via e-mail of vergelijkbare meldingen (b.v. pushberichten).","consumerWebMenuAndCheckout.checkout.personalDetailsForm.fullNameRequired":"Volledige naam is verplicht","consumerWebMenuAndCheckout.checkout.personalDetailsForm.emailRequired":"Voer je e-mailadres in","consumerWebMenuAndCheckout.checkout.personalDetailsForm.emailInvalid":"Het opgegeven e-mailadres is ongeldig","consumerWebMenuAndCheckout.checkout.personalDetailsForm.phoneNumberRequired":"Telefoonnummer is verplicht","consumerWebMenuAndCheckout.checkout.personalDetailsForm.fieldWithEmojiInvalid":"Gebruik geen emojiâs.","consumerWebMenuAndCheckout.checkout.personalDetailsForm.phoneNumberPerCountryPlaceholder":"Typ je telefoonnummer, b.v. {countryPhoneCode}","consumerWebMenuAndCheckout.checkout.personalDetailsForm.phoneNumberValidation":"Gebruik een geldig telefoonnummer, zodat het restaurant of de bezorger contact met je kan opnemen. Dit kan tot 17 cijfers bevatten, mogelijk beginnen met â+â en twee â-â bevatten.","consumerWebMenuAndCheckout.checkout.personalDetailsForm.iePhoneNumberValidation":"Your phone number should be 10 characters long and shouldn't contain letters or special characters.","consumerWebMenuAndCheckout.checkout.personalDetailsForm.genericPhoneNumberPlaceholder":"Voer je telefoonnummer in","consumerWebMenuAndCheckout.checkout.personalDetailsForm.firstName":"Voornaam","consumerWebMenuAndCheckout.checkout.personalDetailsForm.firstNameRequired":"Voer je voornaam in","consumerWebMenuAndCheckout.checkout.personalDetailsForm.firstNamePlaceholder":"Voer je voornaam in","consumerWebMenuAndCheckout.checkout.personalDetailsForm.lastName":"Achternaam","consumerWebMenuAndCheckout.checkout.personalDetailsForm.lastNamePlaceholder":"Voer je achternaam in","consumerWebMenuAndCheckout.checkout.personalDetailsForm.lastNameRequired":"Voer je achternaam in","consumerWebMenuAndCheckout.checkout.personalDetailsForm.save":"Opslaan","consumerWebMenuAndCheckout.checkout.personalDetailsForm.yourDetails":"Je gegevens","consumerWebMenuAndCheckout.checkout.personalDetailsForm.phoneNumberRequiredV2":"Voer een geldig telefoonnummer in","consumerWebMenuAndCheckout.checkout.personalDetailsForm.emailField":"E-mailadres","consumerWebMenuAndCheckout.checkout.personalDetailsForm.emailFieldPlaceholder":"Enter your email","consumerWebMenuAndCheckout.checkout.validationBanner.streetName":"Straat","consumerWebMenuAndCheckout.checkout.validationBanner.streetNumber":"Huisnummer","consumerWebMenuAndCheckout.checkout.validationBanner.postalCode":"Postcode","consumerWebMenuAndCheckout.checkout.validationBanner.city":"Woonplaats","consumerWebMenuAndCheckout.checkout.validationBanner.companyName":"Bedrijfsnaam","consumerWebMenuAndCheckout.checkout.validationBanner.fullName":"Naam","consumerWebMenuAndCheckout.checkout.validationBanner.email":"Email","consumerWebMenuAndCheckout.checkout.validationBanner.phoneNumber":"Telefoon","consumerWebMenuAndCheckout.checkout.validationBanner.delimiter":" en ","consumerWebMenuAndCheckout.checkout.validationBanner.separator":", ","consumerWebMenuAndCheckout.checkout.validationBanner.pleaseFill":"Vul de onderstaande {fields} in.","consumerWebMenuAndCheckout.checkout.validationBanner.pleaseCorrect":"Corrigeer de {fields} hieronder.","consumerWebMenuAndCheckout.checkout.validationBanner.floor":"Verdieping","consumerWebMenuAndCheckout.checkout.validationBanner.accessCode":"Toegangsnummer","consumerWebMenuAndCheckout.checkout.validationBanner.apartmentName":"Naam appartement","consumerWebMenuAndCheckout.checkout.validationBanner.block":"Woonblok","consumerWebMenuAndCheckout.checkout.validationBanner.door":"Deur","consumerWebMenuAndCheckout.checkout.validationBanner.entrance":"Ingang","consumerWebMenuAndCheckout.checkout.validationBanner.flatNumber":"Flatnummer","consumerWebMenuAndCheckout.checkout.validationBanner.intercom":"Intercom","consumerWebMenuAndCheckout.checkout.validationBanner.taxId":"NIP","consumerWebMenuAndCheckout.checkout.validationBanner.eircode":"Eircode","consumerWebMenuAndCheckout.checkout.validationBanner.streetAddress":"Straatnaam en huisnummer","consumerWebMenuAndCheckout.checkout.validationBanner.line2":"Address Line 2","consumerWebMenuAndCheckout.checkout.validationBanner.line3":"Address Line 3","consumerWebMenuAndCheckout.checkout.labels.yes":"Ja","consumerWebMenuAndCheckout.checkout.labels.no":"Nee","consumerWebMenuAndCheckout.checkout.map.title":"Bevestig bezorgadres","consumerWebMenuAndCheckout.checkout.map.confirm":"Bevestig locatie","consumerWebMenuAndCheckout.checkout.map.cancel":"Annuleren","consumerWebMenuAndCheckout.checkout.map.notification":"Sleep over de kaart en plaats de speld op jouw exacte locatie","consumerWebMenuAndCheckout.checkout.forms.accessCode":"Toegangsnummer","consumerWebMenuAndCheckout.checkout.forms.accessCodePlaceholder":"Voer je toegangscode in","consumerWebMenuAndCheckout.checkout.forms.apartmentName":"Apartment name","consumerWebMenuAndCheckout.checkout.forms.apartmentNamePlaceholder":"Type appartement naam","consumerWebMenuAndCheckout.checkout.forms.block":"Woonblok","consumerWebMenuAndCheckout.checkout.forms.blockPlaceholder":"Voer je bloknummer in","consumerWebMenuAndCheckout.checkout.forms.city":"Woonplaats","consumerWebMenuAndCheckout.checkout.forms.cityPlaceholder":"Typ je stad","consumerWebMenuAndCheckout.checkout.forms.cityRequired":"Plaats is verplicht","consumerWebMenuAndCheckout.checkout.forms.companyHelperLink":"Ontdek meer over {brandName} for business","consumerWebMenuAndCheckout.checkout.forms.companyName":"Bedrijfsnaam","consumerWebMenuAndCheckout.checkout.forms.companyNameHelperText":"Wil je dat je werkgever je volgende bestelling betaalt?","consumerWebMenuAndCheckout.checkout.forms.companyNamePlaceholder":"Typ je bedrijfsnaam","consumerWebMenuAndCheckout.checkout.forms.door":"Deur","consumerWebMenuAndCheckout.checkout.forms.doorPlaceholder":"Voer je deur in","consumerWebMenuAndCheckout.checkout.forms.entrance":"Ingang","consumerWebMenuAndCheckout.checkout.forms.entrancePlaceholder":"Voer je ingang in","consumerWebMenuAndCheckout.checkout.forms.fieldWithEmojiInvalid":"Gebruik geen emojiâs.","consumerWebMenuAndCheckout.checkout.forms.fillInNewAddress":"Nieuw adres invullen","consumerWebMenuAndCheckout.checkout.forms.flatNumber":"Flatnummer","consumerWebMenuAndCheckout.checkout.forms.flatNumberPlaceholder":"Voer je flatnummer in","consumerWebMenuAndCheckout.checkout.forms.floor":"Verdieping","consumerWebMenuAndCheckout.checkout.forms.floorPlaceholder":"Voer je verdieping in","consumerWebMenuAndCheckout.checkout.forms.intercom":"Intercom","consumerWebMenuAndCheckout.checkout.forms.intercomPlaceholder":"Voer je intercom in","consumerWebMenuAndCheckout.checkout.forms.map":"Show on map","consumerWebMenuAndCheckout.checkout.forms.optional":"(optioneel)","consumerWebMenuAndCheckout.checkout.forms.postalCode":"Postcode","consumerWebMenuAndCheckout.checkout.forms.postalCodeInvalid":"Postcode ongeldig","consumerWebMenuAndCheckout.checkout.forms.postalCodePlaceholder":"Typ je postcode","consumerWebMenuAndCheckout.checkout.forms.postalCodeRequired":"Postcode is verplicht","consumerWebMenuAndCheckout.checkout.forms.savedAddressPrompt":"Vanaf welk adres bestel je?","consumerWebMenuAndCheckout.checkout.forms.streetName":"Straat","consumerWebMenuAndCheckout.checkout.forms.streetNamePlaceholder":"Typ je straatnaam","consumerWebMenuAndCheckout.checkout.forms.streetNameRequired":"Straatnaam is verplicht","consumerWebMenuAndCheckout.checkout.forms.streetNumber":"Huisnummer","consumerWebMenuAndCheckout.checkout.forms.streetNumberInvalid":"Ongeldig huisnummer","consumerWebMenuAndCheckout.checkout.forms.streetNumberPlaceholder":"Type je huisnummer","consumerWebMenuAndCheckout.checkout.forms.streetNumberRequired":"Huisnummer is verplicht","consumerWebMenuAndCheckout.checkout.forms.titleDeliveryAddress":"Bezorgadres","consumerWebMenuAndCheckout.checkout.forms.checkoutNotice":"Wanneer een bestelling geplaatst wordt, ontvang je een bevestiging, statusmeldingen van Food Tracker en een verzoek om het restaurant te beoordelen via e-mail of vergelijkbare meldingen (b.v. pushberichten).","consumerWebMenuAndCheckout.checkout.forms.email":"E-mailadres","consumerWebMenuAndCheckout.checkout.forms.emailInvalid":"Het opgegeven e-mailadres is ongeldig","consumerWebMenuAndCheckout.checkout.forms.emailPlaceholder":"jouwnaam@email.com\r\n","consumerWebMenuAndCheckout.checkout.forms.emailRequired":"E-mailadres is verplicht","consumerWebMenuAndCheckout.checkout.forms.fullNameRequired":"Volledige naam is verplicht","consumerWebMenuAndCheckout.checkout.forms.name":"Voor- en achternaam","consumerWebMenuAndCheckout.checkout.forms.namePlaceholder":"Typ je voornaam en achternaam","consumerWebMenuAndCheckout.checkout.forms.phoneNumber":"Telefoon","consumerWebMenuAndCheckout.checkout.forms.phoneNumberPlaceholder":"Typ je telefoonnummer","consumerWebMenuAndCheckout.checkout.forms.phoneNumberRequired":"Telefoonnummer is verplicht","consumerWebMenuAndCheckout.checkout.forms.titlePersonalDetails":"Persoonlijke gegevens","consumerWebMenuAndCheckout.checkout.forms.fieldWithSpecialCharactersInvalid":"Alleen -/.,;_'#+()@\u0026\"!?: zijn toegestaan","consumerWebMenuAndCheckout.checkout.forms.labelRemarks":"Opmerking toevoegen","consumerWebMenuAndCheckout.checkout.forms.deliveryPlaceholderRemarks":"bijv.: Niet aanbellen. De baby slaapt.","consumerWebMenuAndCheckout.checkout.forms.pickupPlaceholderRemarks":"Schrijf hier een notitie","consumerWebMenuAndCheckout.checkout.forms.saveTextRemarks":"Bewaar deze opmerkingen voor je volgende bestelling.","consumerWebMenuAndCheckout.checkout.forms.streetNameInvalid":"Invalid street name","consumerWebMenuAndCheckout.checkout.forms.cityInvalid":"Invalid city","consumerWebMenuAndCheckout.checkout.forms.taxId":"NIP","consumerWebMenuAndCheckout.checkout.forms.taxIdPlaceholder":"Type your NIP","consumerWebMenuAndCheckout.checkout.forms.phoneNumberPerCountryPlaceholder":"Typ je telefoonnummer, b.v. {phoneNumberExample}","consumerWebMenuAndCheckout.checkout.forms.phoneNumberValidation":"Gebruik een geldig telefoonnummer, zodat het restaurant of de bezorger contact met je kan opnemen. Dit kan tot 17 cijfers bevatten, mogelijk beginnen met â+â en twee â-â bevatten.","consumerWebMenuAndCheckout.checkout.forms.allergenInformation":"Do not include details about any allergies.","consumerWebMenuAndCheckout.checkout.forms.eircodePlaceholder":"Enter your Eircode","consumerWebMenuAndCheckout.checkout.forms.eircodeHint":"Don't know your Eircode? Find it {link}.","consumerWebMenuAndCheckout.checkout.forms.eircodeHintLink":"here","consumerWebMenuAndCheckout.checkout.forms.eircode":"Eircode","consumerWebMenuAndCheckout.checkout.forms.eircodeInvalid":"Invalid Eircode","consumerWebMenuAndCheckout.checkout.forms.eircodeRequired":"Eircode is required","consumerWebMenuAndCheckout.checkout.forms.streetAddress":"Straat en huisnummer","consumerWebMenuAndCheckout.checkout.forms.streetAddressInvalid":"Invalid street address and house number","consumerWebMenuAndCheckout.checkout.forms.streetAddressPlaceholder":"Straat en huisnummer","consumerWebMenuAndCheckout.checkout.forms.streetAddressRequired":"Straatnaam en huisnummer zijn verplicht","consumerWebMenuAndCheckout.checkout.forms.iePhoneNumberValidation":"Your phone number should be 10 characters long and shouldn't contain letters or special characters.","consumerWebMenuAndCheckout.checkout.forms.townOrCity":"Town / City","consumerWebMenuAndCheckout.checkout.forms.townOrCityPlaceholder":"Enter your town or city","consumerWebMenuAndCheckout.checkout.forms.townOrCityRequired":"Town or city is required","consumerWebMenuAndCheckout.checkout.forms.townOrCityInvalid":"Invalid town or city","consumerWebMenuAndCheckout.checkout.forms.genericPhoneNumberPlaceholder":"Voeg je telefoonnummer toe","consumerWebMenuAndCheckout.checkout.forms.labelMultistepRemark":"Leave a note about your order","consumerWebMenuAndCheckout.checkout.forms.addressLine1":"Address Line 1","consumerWebMenuAndCheckout.checkout.forms.addressLine2":"Address Line 2","consumerWebMenuAndCheckout.checkout.forms.addressLine3":"Address Line 3","consumerWebMenuAndCheckout.checkout.forms.collectionPlaceholderRemarks":"Schrijf hier een notitie","consumerWebMenuAndCheckout.checkout.forms.state":"State","consumerWebMenuAndCheckout.checkout.forms.stateInvalid":"Invalid state","consumerWebMenuAndCheckout.checkout.forms.statePlaceholder":"Enter your state","consumerWebMenuAndCheckout.checkout.forms.stateRequired":"State is required","consumerWebMenuAndCheckout.checkout.forms.levelOrUnitPlaceholder":"Type level or unit number","consumerWebMenuAndCheckout.checkout.forms.levelOrUnit":"Level or Unit Number","consumerWebMenuAndCheckout.checkout.forms.charLimitReached60":"Limiet van 60 tekens overschreden","consumerWebMenuAndCheckout.checkout.forms.fullAddressRequired":"Volledig adres is verplicht","consumerWebMenuAndCheckout.checkout.geocoderDeliveryAddressModal.modalContent":"Please help us make sure you get your food.\r\nIs your address below correct?","consumerWebMenuAndCheckout.checkout.geocoderDeliveryAddressModal.modalHeader":"Confirm your address","consumerWebMenuAndCheckout.checkout.geocoderDeliveryAddressModal.closeModal":"Close the location confirmation modal","consumerWebMenuAndCheckout.checkout.geocoderDeliveryAddressModal.requestedAddressHeading":"You requested:","consumerWebMenuAndCheckout.checkout.geocoderDeliveryAddressModal.suggestedAddressHeading":"Delivering to:","consumerWebMenuAndCheckout.checkout.geocoderDeliveryAddressModal.keepRequestedAddressButton":"Keep my requested address","consumerWebMenuAndCheckout.checkout.geocoderDeliveryAddressModal.suggestedAddressButton":"Use suggested address","consumerWebMenuAndCheckout.checkout.duplicateOrderModal.heading":"Je plaatst mogelijk een dubbele bestelling.","consumerWebMenuAndCheckout.checkout.duplicateOrderModal.text":"We willen even zeker weten dat dit geen foutje is. Controleer je bestelgeschiedenis of e-mail voor een bevestiging van je bestelling.","consumerWebMenuAndCheckout.checkout.duplicateOrderModal.cta":"Wil je een dubbele bestelling plaatsen?","consumerWebMenuAndCheckout.checkout.duplicateOrderModal.buttonCancel":"Annuleer","consumerWebMenuAndCheckout.checkout.duplicateOrderModal.buttonConfirm":"Ja, plaats bestelling","consumerWebMenuAndCheckout.checkout.duplicateOrderModal.order":"Bestelling","consumerWebMenuAndCheckout.checkout.duplicateOrderModal.total":"Totaal","consumerWebMenuAndCheckout.checkout.duplicateOrderModal.buttonViewOrder":"Bekijk bestelling","consumerWebMenuAndCheckout.checkout.subtitles.deliveryTime":"Geef een tijd aan","consumerWebMenuAndCheckout.checkout.mismatchedTotalsModal.heading":"Het totaalbedrag voor je bestelling is helaas gewijzigd","consumerWebMenuAndCheckout.checkout.mismatchedTotalsModal.description":"De bezorgkosten of de prijs van een product zijn mogelijk gewijzigd. Laad de pagina opnieuw om het nieuwe bedrag te zien.","consumerWebMenuAndCheckout.checkout.mismatchedTotalsModal.actionButton":"Laad pagina opnieuw","consumerWebMenuAndCheckout.checkout.remarkCard.description":"Leave a note about your order","consumerWebMenuAndCheckout.checkout.remarkCard.title":"Notes","consumerWebMenuAndCheckout.checkout.remarkCard.rightIcon":"Optional","consumerWebMenuAndCheckout.checkout.accountCreditCard.title":"Accounttegoed","consumerWebMenuAndCheckout.checkout.accountCreditCard.description":"Beschikbaar tegoed: {amount}","consumerWebMenuAndCheckout.checkout.accountCreditCard.ariaLabel":"Account credit is applied to the cart. Toggle to {action}.","consumerWebMenuAndCheckout.checkout.notes.kitchenNotesTitle":"Opmerkingen bestelling","consumerWebMenuAndCheckout.checkout.notes.kitchenNotesDescription":"Opmerking over bestelling toevoegen","consumerWebMenuAndCheckout.checkout.notes.courierNotesTitle":"Opmerkingen bezorging","consumerWebMenuAndCheckout.checkout.notes.courierNotesDescription":"Laat een opmerking achter voor de bezorger","consumerWebMenuAndCheckout.checkout.notes.courierNotesInputLabel":"Voeg je opmerking toe","consumerWebMenuAndCheckout.checkout.notes.courierNotesPlaceholder":"Bijvoorbeeld: 'Zet de bestelling maar in de tuin.'","consumerWebMenuAndCheckout.checkout.notes.courierNotesModalDescription":"Laat een opmerking achter voor de bezorger. Voeg hier geen informatie over allergieÃ«n toe. Deze opmerking is niet zichtbaar voor de verkoper.","consumerWebMenuAndCheckout.checkout.notes.courierNotesInputHint":"Please have your ID ready for orders including alcohol.","consumerWebMenuAndCheckout.checkout.notes.buttonDone":"Opslaan","consumerWebMenuAndCheckout.checkout.notes.kitchenNotesModalDescription":"Laat een opmerking achter voor de verkoper. Als jij (of iemand voor wie je bestelt) last hebt van een voedselallergie, neem dan contact op met het restaurant. Vermeld geen informatie over allergieÃ«n of intoleranties in de opmerking.","consumerWebMenuAndCheckout.checkout.notes.kitchenNotesPlaceholder":"Bijvoorbeeld: âExtra pittig graag.â","consumerWebMenuAndCheckout.checkout.notes.kitchenNotesInputLabel":"Voeg je opmerking toe","consumerWebMenuAndCheckout.checkout.notes.orderNotesDescription":"Opmerking over bestelling toevoegen","consumerWebMenuAndCheckout.checkout.notes.orderNotesTitle":"Opmerkingen bestelling","consumerWebMenuAndCheckout.checkout.notes.orderNotesInputLabel":"Voeg je opmerking toe","consumerWebMenuAndCheckout.checkout.notes.orderNotesPlaceholder":"Bijvoorbeeld: âExtra pittig graagâ of âZet de bestelling maar in de tuinâ.","consumerWebMenuAndCheckout.checkout.notes.orderNotesInputHint":"Please have your ID ready for orders including alcohol.","consumerWebMenuAndCheckout.checkout.notes.orderNotesModalDescription":"Opmerking over je bestelling toevoegen. Als jij (of iemand voor wie je bestelt) last hebt van een voedselallergie, neem dan contact op met het restaurant. Vermeld geen informatie over allergieÃ«n of intoleranties in de opmerking.","consumerWebMenuAndCheckout.checkout.notes.courierNotesAddTitle":"Voeg opmerkingen over de bezorging toe","consumerWebMenuAndCheckout.checkout.notes.orderNotesAddTitle":"Voeg opmerkingen voor bestelling toe","consumerWebMenuAndCheckout.checkout.notes.kitchenNotesAddTitle":"Voeg opmerkingen voor bestelling toe","consumerWebMenuAndCheckout.checkout.notes.buttonSave":"Opslaan","consumerWebMenuAndCheckout.checkout.notes.buttonDelete":"Verwijder","consumerWebMenuAndCheckout.checkout.guestCheckout.submitBtn":"Verder als gast","consumerWebMenuAndCheckout.checkout.guestCheckout.deliveryTime":"Bezorgtijd","consumerWebMenuAndCheckout.checkout.guestCheckout.pickupTime":"Afhaaltijd","consumerWebMenuAndCheckout.checkout.guestCheckout.completePayment":"Complete payment with","consumerWebMenuAndCheckout.checkout.guestCheckout.collectionTime":"Afhaaltijd","consumerWebMenuAndCheckout.checkout.guestCheckout.notificationTitle":"Je rekent af als gast","consumerWebMenuAndCheckout.checkout.guestCheckout.notificationText":"Maak een account aan of log in om te profiteren van kortingen en exclusieve aanbiedingen!","consumerWebMenuAndCheckout.checkout.tipping.cardHeading":"Je bezorger een fooi geven?","consumerWebMenuAndCheckout.checkout.tipping.cardSubtitle":"Het hoeft niet, maar een fooi kan je bezorger heel blij maken.","consumerWebMenuAndCheckout.checkout.tipping.cardOptionCustomAmount":"Overig","consumerWebMenuAndCheckout.checkout.tipping.cardErrorMessage":"Tipping is not available at the moment.","consumerWebMenuAndCheckout.checkout.tipping.infoModalTitle":"Wil je de bezorger een fooi geven?","consumerWebMenuAndCheckout.checkout.tipping.infoModalDescription":"Een fooi is een geweldige manier om de bezorger te bedanken voor de service. De bezorger mag 100% van de fooi houden.","consumerWebMenuAndCheckout.checkout.tipping.infoModalPointOne":"We take 0%. Tips go directly to the courier along with their pay, less any tax and social security contributions.","consumerWebMenuAndCheckout.checkout.tipping.infoModalLearnMoreLink":"Help Centre.","consumerWebMenuAndCheckout.checkout.tipping.infoModalHeaderAriaLabelClose":"Close","consumerWebMenuAndCheckout.checkout.tipping.infoModalConfirmButton":"Begrepen","consumerWebMenuAndCheckout.checkout.tipping.customAmountModalTitle":"Fooibedrag invoeren","consumerWebMenuAndCheckout.checkout.tipping.customAmountModalHeaderAriaLabelClose":"Sluit","consumerWebMenuAndCheckout.checkout.tipping.amountOptionAriaLabelSelectTip":"Select tip of {amount}","consumerWebMenuAndCheckout.checkout.tipping.customAmountModalConfirmButton":"Bevestigen","consumerWebMenuAndCheckout.checkout.tipping.customAmountModalCancelButton":"Annuleren","consumerWebMenuAndCheckout.checkout.tipping.customAmountModalInputPlaceholder":"Voer een bedrag in tussen {minimumAmount} en {maximumAmount}","consumerWebMenuAndCheckout.checkout.tipping.error":"Tipping is not available at the moment.","consumerWebMenuAndCheckout.checkout.tipping.infoModalLearnMore":"Want to find out more about tipping? Visit our {link}","consumerWebMenuAndCheckout.checkout.tipping.infoIconButtonAriaLabel":"Lees meer over fooi geven aan je bezorger","consumerWebMenuAndCheckout.checkout.tipping.clearCustomTipAmountAriaLabel":"Wis het ingevoerde fooi-bedrag","consumerWebMenuAndCheckout.checkout.tipping.infoModalDescription1":"Het geven van een fooi is optioneel, maar het kan een leuke manier zijn om je bezorger te bedanken voor hun service.","consumerWebMenuAndCheckout.checkout.tipping.infoModalDescription2":"Alle fooien - exclusief belasting en sociale lasten - gaan rechtstreeks naar de bezorger. Als een restaurant een bezorger aanneemt, vragen we het restaurant om fooien rechtstreeks aan de bezorger te geven, min eventuele belasting of sociale lasten.","consumerWebMenuAndCheckout.checkout.unauthorizedBasketModal.title":"Er ging helaas iets mis","consumerWebMenuAndCheckout.checkout.unauthorizedBasketModal.description":"Dit winkelmandje is aangemaakt met een ander account, dus we kunnen helaas niet verdergaan. Voeg je items opnieuw toe.","consumerWebMenuAndCheckout.checkout.unauthorizedBasketModal.addItems":"Terug naar bestelling","consumerWebMenuAndCheckout.checkout.rewards.deliveryOptions":"Bezorgopties","consumerWebMenuAndCheckout.checkout.rewards.freeDeliveryWith":"met  {plusPartnerName}","consumerWebMenuAndCheckout.checkout.rewards.deliveryFee":"Bezorgkosten","consumerWebMenuAndCheckout.checkout.rewards.deliveryAlreadyFree":"Delivery is already free","consumerWebMenuAndCheckout.checkout.rewards.freeDeliveryExpires":"Expires {voucherExpiryDate}","consumerWebMenuAndCheckout.checkout.rewards.ufdNotApplicable":"Niet toepasbaar","consumerWebMenuAndCheckout.checkout.rewards.freeDeliveryNaInfoUsp1":"Voldoen aan de minimum bestelwaarde van â¬ 15","consumerWebMenuAndCheckout.checkout.rewards.freeDeliveryNaInfoHeader":"Gratis bezorgingâ","consumerWebMenuAndCheckout.checkout.rewards.freeDeliveryNaInfoDescription":"Om te kunnen genieten van gratis bezorgingâ, moet je:","consumerWebMenuAndCheckout.checkout.rewards.freeDeliveryNaInfoUsp2":"Online betaalmethoden gebruiken. Contant wordt niet geaccepteerd.","consumerWebMenuAndCheckout.checkout.rewards.freeDeliveryNaInfoTc":"Volledige voorwaarden tonen","consumerWebMenuAndCheckout.checkout.rewards.freeDelivery":"Gratis bezorgingâ","consumerWebMenuAndCheckout.checkout.rewards.unlimitedFreeDeliveryMovNotReached":"Bestel voor minimaal {unlimitedFreeDeliveryVoucherMinimumBasketTotal}","consumerWebMenuAndCheckout.checkout.rewards.freeDeliveryPass":"Gratis bezorgingâ","consumerWebMenuAndCheckout.checkout.rewards.freeDeliveryNaInfoUspDynamic":"Voldoen aan de minimum bestelwaarde van {unlimitedFreeDeliveryVoucherMinimumBasketTotal}","consumerWebMenuAndCheckout.checkout.rewards.oneTimePurchaseMovNotReached":"Spend another {spendAnotherAmount} to qualify","consumerWebMenuAndCheckout.checkout.rewards.freeDeliveryExpiresInDaysOrDay":"Nog **{deliveryBenefitExpiresInDays}** dagen geldig ({voucherExpiryDate})","consumerWebMenuAndCheckout.checkout.rewards.freeDeliveryExpireDate":"( {formattedDeliveryExpiresDate} )","consumerWebMenuAndCheckout.checkout.rewards.freeDeliveryExpiresTomorrow":"Verloopt **morgen**","consumerWebMenuAndCheckout.checkout.rewards.freeDeliveryExpiresToday":"Verloopt **vandaag**","consumerWebMenuAndCheckout.checkout.rewards.freeDeliveryValidUntil":"Geldig t/m {voucherExpiryDate}\r\n","consumerWebMenuAndCheckout.checkout.rewards.withYourOrder":"met uw bestelling","consumerWebMenuAndCheckout.checkout.openBankingTerms.openBankingTerms":"You permit TrueLayer to initiate the bank payment. {termsLinkText} \u0026 {privacyPolicy}.","consumerWebMenuAndCheckout.checkout.openBankingTerms.termsLinkText":"Terms","consumerWebMenuAndCheckout.checkout.openBankingTerms.privacyPolicy":" Privacy policy","consumerWebMenuAndCheckout.checkout.deliveryAddress.confirmation":"Bevestig je adres","consumerWebMenuAndCheckout.checkout.deliveryAddress.fullAddressRequired":"Volledig adres verplicht","consumerWebMenuAndCheckout.checkout.nameAndAgeBar.title":"Verificatie van naam en leeftijd","consumerWebMenuAndCheckout.checkout.nameAndAgeBar.notificationAfterVerification":"Je bestelling wordt alleen aan je overhandigd als de naam en geboortedatum op je ID overeenkomen met de naam en geboortedatum die je bij het afrekenen hebt ingevoerd.","consumerWebMenuAndCheckout.checkout.nameAndAgeBar.notificationBeforeVerification":"Voor sommige producten in je winkelmandje moet je je naam en leeftijd verifiÃ«ren.","consumerWebMenuAndCheckout.checkout.nameAndAgeBar.notVerifiedError":"Verificatie is niet compleet","consumerWebMenuAndCheckout.checkout.dateOfBirthModal.header":"Verificatie van naam en leeftijd","consumerWebMenuAndCheckout.checkout.dateOfBirthModal.content":"Voor sommige producten in je winkelmandje moet je je naam en leeftijd verifiÃ«ren.","consumerWebMenuAndCheckout.checkout.dateOfBirthModal.inputNameLabel":"Voor- en achternaam zoals op ID","consumerWebMenuAndCheckout.checkout.dateOfBirthModal.inputNamePlaceholder":"Gebruik de naam die op je ID staat","consumerWebMenuAndCheckout.checkout.dateOfBirthModal.inputDateLabel":"Geboortedatum op het ID","consumerWebMenuAndCheckout.checkout.dateOfBirthModal.continueButton":"Doorgaan","consumerWebMenuAndCheckout.checkout.dateOfBirthModal.inputDatePlaceholder":"DD","consumerWebMenuAndCheckout.checkout.dateOfBirthModal.inputMonthPlaceholder":"MM","consumerWebMenuAndCheckout.checkout.dateOfBirthModal.inputYearPlaceholder":"JJ","consumerWebMenuAndCheckout.checkout.dateOfBirthModal.nameError":"Volledige naam is verplicht","consumerWebMenuAndCheckout.checkout.dateOfBirthModal.dateOfBirthError":"Je moet {age} jaar of ouder zijn om artikelen met leeftijdsrestrictie te bestellen","consumerWebMenuAndCheckout.checkout.dateOfBirthModal.nameSpecialCharactersInvalid":"Alleen -/.,;_'#+()@\u0026\"!?: zijn toegestaan","consumerWebMenuAndCheckout.checkout.dateOfBirthModal.details":"Als de bezorger komt, wordt je, voordat je je bestelling in ontvangst kunt nemen, om een {detailsHighlight}","consumerWebMenuAndCheckout.checkout.dateOfBirthModal.detailsHighlight":"geldig ID gevraagd dat overeenkomt met deze informatie.","consumerWebMenuAndCheckout.checkout.dateOfBirthModal.firstName":"Voornaam op het ID","consumerWebMenuAndCheckout.checkout.dateOfBirthModal.lastName":"Achternaam op het ID","consumerWebMenuAndCheckout.checkout.newIdAgeBar.title":"Bevestiging van leeftijd","consumerWebMenuAndCheckout.checkout.newIdAgeBar.subtitle":"Verifieer je leeftijd met MitID","consumerWebMenuAndCheckout.checkout.newIdAgeBar.requiredNotification":"Verplicht","consumerWebMenuAndCheckout.checkout.newIdAgeBar.beforeNotification":"Voor sommige producten in je winkelmandje moet je je leeftijd verifiÃ«ren. Verifieer je leeftijd.","consumerWebMenuAndCheckout.checkout.newIdAgeBar.failedAgeVerificationNotification":"Je bent te jong om artikelen met leeftijdsrestrictie te bestellen","consumerWebMenuAndCheckout.checkout.newIdAgeBar.sucessSubtitle":"Geverifieerd met MitID","consumerWebMenuAndCheckout.checkout.newIdAgeBar.notificationAfterVerification":"Je kunt je bestelling alleen ontvangen als je een geldig ID met foto hebt.","consumerWebMenuAndCheckout.checkout.newIdAgeBar.verifyWithMitID":"Verifieer je leeftijd met MitID","consumerWebMenuAndCheckout.checkout.newIdAgeBar.verifiedWithMitID":"Geverifieerd met MitID","consumerWebMenuAndCheckout.checkout.oneTimePurchase.freeDeliveryFor":"90 dagen gratis bezorgingâ","consumerWebMenuAndCheckout.checkout.oneTimePurchase.tagline":"met Just Eat+ Premium","consumerWebMenuAndCheckout.checkout.oneTimePurchase.termsApply":"Er gelden Algemene voorwaarden Â· ","consumerWebMenuAndCheckout.checkout.oneTimePurchase.findOutMore":"Meer ontdekken","consumerWebMenuAndCheckout.checkout.oneTimePurchase.freeDeliveryNotAvailableOfflinePayment":"Gratis bezorging niet beschikbaar bij contante betaling.","consumerWebMenuAndCheckout.checkout.oneTimePurchase.oneTimePurchaseMovNotReached":"Geef nog {spendAnotherAmount} uit om in aanmerking te komen","consumerWebMenuAndCheckout.checkout.oneTimePurchase.taglineWithBrand":"met {brand}+ Premium","consumerWebMenuAndCheckout.checkout.oneTimePurchase.taglineBrand":"met {brand}+ Premium","consumerWebMenuAndCheckout.checkout.oneTimePurchase.taglineBrandMembership":"met {brand}","consumerWebMenuAndCheckout.checkout.oneTimePurchase.prePayMembershipTitle":"{durationDays} dagen gratis bezorgingâ","consumerWebMenuAndCheckout.checkout.oneTimePurchase.prePayMembershipName":"90 dagen gratis bezorgingâ","consumerWebMenuAndCheckout.checkout.oneTimePurchaseInfoModal.intro":"Geen abonnement nodig, geen automatische verlenging. Na {duration}  dagen is de keus aan jou: koop je nog een keer {duration} dagen gratis bezorgingâ?","consumerWebMenuAndCheckout.checkout.oneTimePurchaseInfoModal.title":"Just Eat+ Premium","consumerWebMenuAndCheckout.checkout.oneTimePurchaseInfoModal.keyPointsListHeading":"Bespaar geld met â¬ 0 bezorgkosten bij:","consumerWebMenuAndCheckout.checkout.oneTimePurchaseInfoModal.keyPointsListUnlimitedOrders":"Onbeperkt aantal bestellingen (minimumbedrag: {movAmount})","consumerWebMenuAndCheckout.checkout.oneTimePurchaseInfoModal.keyPointsListFromParticipating":"Bij bijna alle winkels en restaurants","consumerWebMenuAndCheckout.checkout.oneTimePurchaseInfoModal.keyPointsListPayments":"Alle betaalmethoden, behalve contant geld","consumerWebMenuAndCheckout.checkout.oneTimePurchaseInfoModal.faqsHeading":"Veelgestelde vragen","consumerWebMenuAndCheckout.checkout.oneTimePurchaseInfoModal.faq1Label":"Wordt er een limiet gesteld aan hoe vaak ik gebruik kan maken van dit voordeel?","consumerWebMenuAndCheckout.checkout.oneTimePurchaseInfoModal.faq1Content":"Er is geen limiet. Je kan dit voordeel zo vaak als je wilt gebruiken (voor eigen gebruik) bij deelnemende winkels en restaurants.","consumerWebMenuAndCheckout.checkout.oneTimePurchaseInfoModal.faq2Label":"Welke andere kosten zijn van toepassing op mijn bestelling?","consumerWebMenuAndCheckout.checkout.oneTimePurchaseInfoModal.faq2Content":"Dit voordeel is alleen geldig voor de bezorgkosten. Het is mogelijk dat je nog steeds service- of bestelkosten moet betalen voor je bestelling. Je ziet een overzicht van deze kosten in je winkelmandje. Het is altijd jouw keuze om deze kosten te accepteren en verder te gaan met betalen.","consumerWebMenuAndCheckout.checkout.oneTimePurchaseInfoModal.faq3Label":"Kan ik Just Eat+ Premium opzeggen?","consumerWebMenuAndCheckout.checkout.oneTimePurchaseInfoModal.faq3Content":"Ja, dat kan. Je hebt 14 dagen bedenktijd. Deze start op de dag dat je de pas koopt. Als je je pas tijdens de bedenktijd blijft gebruiken, ga je ermee akkoord dat je je recht op volledige terugbetaling opgeeft. Als je voor annulering kiest, kan de verwerking van de terugbetaling 14 dagen duren. De terugbetaling wordt op de door jou gebruikte betaalmethode gestort. Neem contact op als je langer dan 14 dagen op je terugbetaling wacht.","consumerWebMenuAndCheckout.checkout.oneTimePurchaseInfoModal.youAgreeToTerms":"Als je doorgaat, accepteer je ","consumerWebMenuAndCheckout.checkout.oneTimePurchaseInfoModal.termsAndConditions":"Algemene voorwaarden","consumerWebMenuAndCheckout.checkout.oneTimePurchaseInfoModal.addNow":"Voeg toe ({cost})","consumerWebMenuAndCheckout.checkout.oneTimePurchaseInfoModal.headerTitle":"{brand}+ Premium","consumerWebMenuAndCheckout.checkout.oneTimePurchaseInfoModal.faq3LabelWithBrand":"Can I cancel my {brand}+ Premium?","consumerWebMenuAndCheckout.checkout.oneTimePurchaseInfoModal.faq3LabelWithBrandMembership":"Can I cancel my {brand}?","consumerWebMenuAndCheckout.checkout.oneTimePurchaseInfoModal.keyPointsListHeadingV2":"Krijg {amount} bezorgkosten voor:","consumerWebMenuAndCheckout.checkout.oneTimePurchaseActivatedModal.heading":"Je voordeel van gratis bezorging","consumerWebMenuAndCheckout.checkout.oneTimePurchaseActivatedModal.listHead":"Bespaar geld met â¬ 0 bezorgkosten bij:","consumerWebMenuAndCheckout.checkout.oneTimePurchaseActivatedModal.listItem1":"Onbeperkt aantal bestellingen (minimumbedrag: {amountToSpend})","consumerWebMenuAndCheckout.checkout.oneTimePurchaseActivatedModal.listItem2":"Bij alle deelnemende winkels en restaurants","consumerWebMenuAndCheckout.checkout.oneTimePurchaseActivatedModal.freeDeliveryNaInfoTc":"Algemene voorwaarden","consumerWebMenuAndCheckout.checkout.oneTimePurchaseActivatedModal.listItem3":"Alle betaalmethoden, behalve contant geld","consumerWebMenuAndCheckout.checkout.orderDetails.title":"Bestelgegevens","consumerWebMenuAndCheckout.checkout.paymentDetails.title":"Betaalopties","consumerWebMenuAndCheckout.checkout.section.required":"Verplicht","consumerWebMenuAndCheckout.checkout.addressBook.addNewAddress":"Voeg nieuw adres toe","consumerWebMenuAndCheckout.checkout.addressBook.title":"Adresboek","consumerWebMenuAndCheckout.checkout.addressBook.save":"Opslaan","consumerWebMenuAndCheckout.checkout.addressBook.done":"Klaar","consumerWebMenuAndCheckout.checkout.addressBook.editAddress":"Bewerk adres","consumerWebMenuAndCheckout.checkout.addressBook.newAddress":"Nieuw adres","consumerWebMenuAndCheckout.checkout.shippingTime.deliveryScheduled":"Bezorging gepland","consumerWebMenuAndCheckout.checkout.shippingTime.collectionScheduled":"Afhalen gepland","consumerWebMenuAndCheckout.checkout.shippingTime.scheduleForLater":"Plan een ander moment","consumerWebMenuAndCheckout.checkout.deliveryOptions.disabledSelectPaymentMethod":"Selecteer je betaalmethode","consumerWebMenuAndCheckout.checkout.deliveryOptions.disabledCashSelected":"Niet toepasbaar","consumerWebMenuAndCheckout.checkout.deliveryOptions.disabledFreeDeliveryMovNotReached":"Bestel voor minimaal {unlimitedFreeDeliveryVoucherMinimumBasketTotal}","consumerWebMenuAndCheckout.checkout.deliveryOptions.disabledNotApplicable":"Niet toepasbaar","consumerWebMenuAndCheckout.checkout.deliveryOptions.moreInformation":"For more information","consumerWebMenuAndCheckout.checkout.datepicker.today":"Vandaag","consumerWebMenuAndCheckout.checkout.datepicker.tomorrow":"Morgen","consumerWebMenuAndCheckout.checkout.membershipExtension.keepFreeDeliveryWithExtension":"Keep your free delivery with {brand}+ Premium active! This option adds another {durationInDays} days for {extensionPrice}","consumerWebMenuAndCheckout.checkout.membershipExtension.extendForAnother":"Extend for another {durationInDays} days","consumerWebMenuAndCheckout.checkout.ageVerification.notification":"Zorg dat je een geldig ID bij de hand hebt. De bezorger kan alleen bezorgen als je een geldig ID hebt met daarop de naam en geboortedatum die je bij het afrekenen hebt ingevoerd.","consumerWebMenuAndCheckout.checkout.ageVerification.title":"Verificatie van naam en leeftijd","consumerWebMenuAndCheckout.checkout.ageVerification.description":"Voeg naam en leeftijd toe","consumerWebMenuAndCheckout.checkout.deleteSavedPaymentModal.content":"Als je je betaalgegevens verwijdert, moet je ze de volgende keer weer invoeren.","consumerWebMenuAndCheckout.checkout.deleteSavedPaymentModal.cancelButton":"Annuleren","consumerWebMenuAndCheckout.checkout.deleteSavedPaymentModal.removeButton":"Verwijderen","consumerWebMenuAndCheckout.checkout.deleteSavedPaymentModal.heading":"Betaalinformatie verwijderen?","consumerWebMenuAndCheckout.checkout.groupOrder.userRemovedToastMessage":"De gebruiker is van deze groepsbestelling afgehaald","consumerWebMenuAndCheckout.checkout.jetPlus.header":"Â£0 delivery fees with {brand}","consumerWebMenuAndCheckout.checkout.switchPymentMethodForPlusModal.headingForCash":"Just Eat+ does not support cash payment","consumerWebMenuAndCheckout.checkout.switchPymentMethodForPlusModal.contentForCash":"Just Eat+ for 90 days is not available for cash payments. All other payment methods are supported.","consumerWebMenuAndCheckout.checkout.switchPymentMethodForPlusModal.skipMyPlusButton":"Skip Just Eat+","consumerWebMenuAndCheckout.checkout.switchPymentMethodForPlusModal.ChooseAnotherButton":"Choose a different payment","consumerWebMenuAndCheckout.checkout.switchPymentMethodForPlusModal.heading":"Your payment method does not support Just Eat+","consumerWebMenuAndCheckout.checkout.switchPymentMethodForPlusModal.content":"Just Eat+ monthly is only available if you pay with a credit/debit card. You can still get Just Eat+ for 90 days with other payment methods (excluding cash).","consumerWebMenuAndCheckout.checkout.preferredPayment.visa":"Visa is the official payment provider of UEFA Womenâs EURO 2025","consumerWebMenuAndCheckout.locationPanel.panel.restaurantUnableToDeliverCta":"Andere restaurants bekijken","consumerWebMenuAndCheckout.locationPanel.panel.restaurantUnableToDeliverError":"{location} ligt buiten het bezorggebied van {restaurantName}","consumerWebMenuAndCheckout.locationPanel.panel.locationNotFoundError":"Geen locatie gevonden, probeer later nogmaals.","consumerWebMenuAndCheckout.locationPanel.panel.locationCouldNotBeFoundError":"Helaas, je locatie kon niet op tijd gevonden worden. Probeer het later nogmaals.","consumerWebMenuAndCheckout.locationPanel.panel.unsupportedAddress":"Vul je straatnaam en huisnummer in.","consumerWebMenuAndCheckout.locationPanel.panel.restaurantClosed":"Restaurant {restaurantName} is momenteel gesloten. Probeer het later nogmaals.","consumerWebMenuAndCheckout.locationPanel.panel.googleSdkCouldNotBeConnected":"Er is een onbekende fout opgetreden","consumerWebMenuAndCheckout.locationPanel.panel.noDeliveryAreaError":"Geen bezorggebied gevonden. Probeer een volledig adres met huisnummer.","consumerWebMenuAndCheckout.locationPanel.notification.restaurantClosed":"Restaurant {restaurantName} is momenteel gesloten. Probeer het later nogmaals.","consumerWebMenuAndCheckout.locationPanel.notification.restaurantUnableToDeliverCta":"Andere restaurants bekijken","consumerWebMenuAndCheckout.locationPanel.notification.restaurantUnableToDeliverError":"{location} ligt buiten het bezorggebied van {restaurantName}","consumerWebMenuAndCheckout.locationPanel.notification.restaurantUnableToDeliverShoppingCta":"Find product availability","consumerWebMenuAndCheckout.shippingChangeModal.buttons.approveButton":"Ja, verander naar Bezorging","consumerWebMenuAndCheckout.shippingChangeModal.buttons.cancelButton":"Nee, ik wil afhalen","consumerWebMenuAndCheckout.shippingChangeModal.buttons.approveShippingType":"Ja, verander naar {shippingType}","consumerWebMenuAndCheckout.shippingChangeModal.buttons.cancel":"Annuleer","consumerWebMenuAndCheckout.shippingChangeModal.heading.heading":"Wijzigingen van producten in je winkelmandje","consumerWebMenuAndCheckout.shippingChangeModal.content.updatedPricesToDelivery":"Je schakelt nu naar bezorgen. De prijzen voor bezorgen zijn anders dan voor afhalen. Weet je het zeker?","consumerWebMenuAndCheckout.shippingChangeModal.content.notAvailableForDelivery":"Enkele van de producten in je winkelmandje zijn niet beschikbaar voor bezorgen. Weet je zeker dat je door wilt gaan?","consumerWebMenuAndCheckout.shippingChangeModal.content.notAvailableForPickup":"Enkele van de producten in je winkelmandje zijn niet beschikbaar voor afhalen. Weet je zeker dat je door wilt gaan?","consumerWebMenuAndCheckout.shippingChangeModal.content.updatedPricesToPickup":"Je schakelt nu naar afhalen. De prijzen voor afhalen zijn anders dan voor bezorgen. Weet je het zeker? ","consumerWebMenuAndCheckout.shippingChangeModal.content.updatedPrices":"Je schakelt nu naar bezorgen. De prijzen voor bezorgen zijn anders dan voor afhalen. Weet je het zeker?","consumerWebMenuAndCheckout.shippingChangeModal.content.updatedPricesForCollection":"Je schakelt nu naar afhalen. De prijzen voor afhalen zijn anders dan voor bezorgen. Weet je het zeker? ","consumerWebMenuAndCheckout.shippingChangeModal.content.notAvailableForCollection":"Enkele van de producten in je winkelmandje zijn niet beschikbaar voor afhalen. Weet je zeker dat je door wilt gaan?","consumerWebMenuAndCheckout.cartChangeModal.buttons.proceedButton":"Verder naar betalen","consumerWebMenuAndCheckout.cartChangeModal.buttons.continueOrderingButton":"Doorgaan met bestellen","consumerWebMenuAndCheckout.cartChangeModal.buttons.addItemsButton":"Producten toevoegen","consumerWebMenuAndCheckout.cartChangeModal.buttons.addMoreItemsButton":"Meer producten toevoegen","consumerWebMenuAndCheckout.cartChangeModal.buttons.emptyBasket":"Mandje leegmaken","consumerWebMenuAndCheckout.cartChangeModal.buttons.updateBasket":"Update basket","consumerWebMenuAndCheckout.cartChangeModal.texts.notAvailableBelowMov":"De producten hieronder zijn niet beschikbaar voor {shippingType}. Je kunt eventueel verdergaan met het toevoegen van andere producten aan je winkelmandje.\r\n","consumerWebMenuAndCheckout.cartChangeModal.texts.delivery":"bezorging","consumerWebMenuAndCheckout.cartChangeModal.texts.pickup":"afhalen","consumerWebMenuAndCheckout.cartChangeModal.texts.heading":"Wijzigingen van producten in je winkelmandje","consumerWebMenuAndCheckout.cartChangeModal.texts.notAvailableAboveMov":"De producten hieronder zijn niet beschikbaar voor {shippingType}. Je kunt eventueel verdergaan met het toevoegen van andere producten aan je winkelmandje.","consumerWebMenuAndCheckout.cartChangeModal.texts.notAvailableBelowMovDesktop":"De producten hieronder zijn niet beschikbaar voor {shippingType}. Je kunt eventueel verdergaan met het toevoegen van andere producten aan je winkelmandje.","consumerWebMenuAndCheckout.cartChangeModal.texts.notAvailableCartEmpty":"De producten hieronder zijn niet beschikbaar voor {shippingType}. Je kunt eventueel verdergaan met het toevoegen van andere producten aan je winkelmandje.","consumerWebMenuAndCheckout.cartChangeModal.texts.collection":"afhalen","consumerWebMenuAndCheckout.paymentMethods.titles.choosePaymentMethod":"Kies jouw betaalmethode","consumerWebMenuAndCheckout.paymentMethods.titles.paymentCheckoutBarTitle":"Voltooi de betaling met","consumerWebMenuAndCheckout.paymentMethods.titles.payWith":"Betalen met","consumerWebMenuAndCheckout.paymentMethods.titles.heading":"Betaalmethoden","consumerWebMenuAndCheckout.paymentMethods.titles.selectPaymentBarTitle":"Betalen met","consumerWebMenuAndCheckout.paymentMethods.titles.howToPayWithBankApp":"How to pay by bank app","consumerWebMenuAndCheckout.paymentMethods.titles.yourPaymentMethods":"Jouw betaalmethoden","consumerWebMenuAndCheckout.paymentMethods.titles.selectPaymentMethod":"Kies betaalmethode","consumerWebMenuAndCheckout.paymentMethods.titles.paidInFullWith":"Volledig betaald met {paymentMethod}","consumerWebMenuAndCheckout.paymentMethods.titles.cantBeUsedWithPaymentMethod":"{paymentMethod} kan niet worden gebruikt met je betaalmethode","consumerWebMenuAndCheckout.paymentMethods.titles.tipping":"Fooien geven","consumerWebMenuAndCheckout.paymentMethods.titles.cannotCombined":"Je betaalmethoden kunnen niet worden gecombineerd","consumerWebMenuAndCheckout.paymentMethods.titles.continue":"Doorgaan","consumerWebMenuAndCheckout.paymentMethods.titles.cancel":"Annuleren","consumerWebMenuAndCheckout.paymentMethods.titles.freeDeliveryOffer":"Gratis bezorgingâ","consumerWebMenuAndCheckout.paymentMethods.option.selectBank":"Kies je bank","consumerWebMenuAndCheckout.paymentMethods.option.youPayWith":"Je betaalt (met)","consumerWebMenuAndCheckout.paymentMethods.option.select_bank_on_psp":"Selecteer andere bank","consumerWebMenuAndCheckout.paymentMethods.description.cashChangeNote":"Zorg ervoor dat je het exacte bedrag kunt betalen aan onze bezorger. Heb je grotere bankbiljetten? Selecteer dan dat bedrag. Dan kan onze bezorger voldoende wisselgeld meenemen.","consumerWebMenuAndCheckout.paymentMethods.description.saveDescription":"Nadat je op 'Nu kopen' hebt gedrukt, betaal je automatisch met {paymentMethod}, aangezien je dit bij je eerdere bestelling hebt aangegeven.","consumerWebMenuAndCheckout.paymentMethods.description.sslNoteWithoutServiceFee":"Je wordt doorverwezen naar de beveiligde SSL-pagina's van {paymentMethod}, waar je de {paymentMethod}-betaling kan uitvoeren.","consumerWebMenuAndCheckout.paymentMethods.description.amountWithPaymentMethod":"{paymentMethod} - {amount}","consumerWebMenuAndCheckout.paymentMethods.description.exactAmountWithPaymentMethod":"{paymentMethod} - Gepast {amount}","consumerWebMenuAndCheckout.paymentMethods.description.exactAmount":"Het exacte bedrag - {amount}","consumerWebMenuAndCheckout.paymentMethods.description.newPaymentMethodNote":"You can now pay with {paymentMethod}!","consumerWebMenuAndCheckout.paymentMethods.description.newPaymentMethodShortText":"New","consumerWebMenuAndCheckout.paymentMethods.description.sslNoteWithServiceFee":"{isFeeTypePercentage, select, true {De servicetoeslag is {paymentFeeValue}%. } other {De servicetoeslag is {amountFeeTypeValue}.}}\r\n","consumerWebMenuAndCheckout.paymentMethods.description.cashNoteForExternalPayment":"* Can't apply vouchers, {takeawayPayProductBrand} or account credit with cash orders.","consumerWebMenuAndCheckout.paymentMethods.description.newPaymentMethodCTA":"Find out more","consumerWebMenuAndCheckout.paymentMethods.texts.storePaymentMethodCheckboxBody":"Onthoud mijn {paymentMethod}-gegevens bij een volgende bestelling.","consumerWebMenuAndCheckout.paymentMethods.texts.openBankingStepOneTitle":"Select your bank","consumerWebMenuAndCheckout.paymentMethods.texts.openBankingStepOneDescription":"We will send you to their app.","consumerWebMenuAndCheckout.paymentMethods.texts.openBankingStepTwoDescription":"Your bank won't share your details with us.","consumerWebMenuAndCheckout.paymentMethods.texts.openBankingStepTwoTitle":"Log in to their app","consumerWebMenuAndCheckout.paymentMethods.texts.openBankingStepThreeTitle":"Authorise the payment","consumerWebMenuAndCheckout.paymentMethods.texts.openBankingStepThreeDescription":"When it's processed, we'll place your order.","consumerWebMenuAndCheckout.paymentMethods.buttons.usePaymentMethod":"Gebruik een betaalmethode","consumerWebMenuAndCheckout.paymentMethods.buttons.disconnect":"Ontkoppelen","consumerWebMenuAndCheckout.paymentMethods.buttons.done":"Klaar","consumerWebMenuAndCheckout.paymentMethods.buttons.gotIt":"Got it","consumerWebMenuAndCheckout.paymentMethods.methods.mealVoucher":"Maaltijdcheque","consumerWebMenuAndCheckout.paymentMethods.methods.eps":"EPS","consumerWebMenuAndCheckout.paymentMethods.methods.postFinance":"PostFinance","consumerWebMenuAndCheckout.paymentMethods.methods.iDEAL":"iDEAL","consumerWebMenuAndCheckout.paymentMethods.methods.giropay":"GiroPay","consumerWebMenuAndCheckout.paymentMethods.methods.creditcardAtHome":"Creditcard aan huis","consumerWebMenuAndCheckout.paymentMethods.methods.pinAtHome":"Pin aan huis","consumerWebMenuAndCheckout.paymentMethods.methods.takeawayPay":"Takeaway Pay","consumerWebMenuAndCheckout.paymentMethods.methods.voucher":"Voucher","consumerWebMenuAndCheckout.paymentMethods.methods.paypal":"PayPal","consumerWebMenuAndCheckout.paymentMethods.methods.sofortueberweisung":"Klarna","consumerWebMenuAndCheckout.paymentMethods.methods.payU":"PayU","consumerWebMenuAndCheckout.paymentMethods.methods.chipknipAtHome":"Chipknip","consumerWebMenuAndCheckout.paymentMethods.methods.cash":"Contant","consumerWebMenuAndCheckout.paymentMethods.methods.bancontactAtHome":"Bancontact aan huis","consumerWebMenuAndCheckout.paymentMethods.methods.bancontact":"Bancontact / Mister Cash","consumerWebMenuAndCheckout.paymentMethods.methods.creditcard":"{isDenmark, select, true {Kaart} other {Creditcard}}","consumerWebMenuAndCheckout.paymentMethods.methods.applepay":"Apple Pay","consumerWebMenuAndCheckout.paymentMethods.methods.sodexo":"Sodexo","consumerWebMenuAndCheckout.paymentMethods.methods.giftCard":"VVV Cadeaukaart","consumerWebMenuAndCheckout.paymentMethods.methods.bitpay":"Bitcoin","consumerWebMenuAndCheckout.paymentMethods.methods.cheque":"Cheque","consumerWebMenuAndCheckout.paymentMethods.methods.dankort":"Dankort","consumerWebMenuAndCheckout.paymentMethods.methods.newcreditcard":"Creditcard","consumerWebMenuAndCheckout.paymentMethods.methods.accountcredit":"Account credit","consumerWebMenuAndCheckout.paymentMethods.methods.androidpay":"Google Pay","consumerWebMenuAndCheckout.paymentMethods.error.selectPayment":"Selecteer je betaalmethode","consumerWebMenuAndCheckout.paymentMethods.standardisedMethods.mobilepay":"MobilePay","consumerWebMenuAndCheckout.paymentMethods.standardisedMethods.twint":"Twint","consumerWebMenuAndCheckout.paymentMethods.standardisedMethods.mbway":"MB WAY","consumerWebMenuAndCheckout.paymentMethods.standardisedMethods.postfinance":"PostFinance","consumerWebMenuAndCheckout.paymentMethods.standardisedMethods.sofort":"Klarna","consumerWebMenuAndCheckout.paymentMethods.standardisedMethods.giropay":"GiroPay","consumerWebMenuAndCheckout.paymentMethods.standardisedMethods.bancontact":"Bancontact / Mister Cash","consumerWebMenuAndCheckout.paymentMethods.standardisedMethods.payu":"PayU","consumerWebMenuAndCheckout.paymentMethods.standardisedMethods.paypal":"PayPal","consumerWebMenuAndCheckout.paymentMethods.standardisedMethods.ideal":"iDEAL","consumerWebMenuAndCheckout.paymentMethods.standardisedMethods.home_bancontact":"Bancontact aan huis","consumerWebMenuAndCheckout.paymentMethods.standardisedMethods.eps":"EPS","consumerWebMenuAndCheckout.paymentMethods.standardisedMethods.conecs_up":"Up","consumerWebMenuAndCheckout.paymentMethods.standardisedMethods.conecs_bimpli":"Bimpli","consumerWebMenuAndCheckout.paymentMethods.standardisedMethods.conecs_sodexo":"Sodexo","consumerWebMenuAndCheckout.paymentMethods.standardisedMethods.androidPay":"Google Pay","consumerWebMenuAndCheckout.paymentMethods.standardisedMethods.applePay":"Apple Pay","consumerWebMenuAndCheckout.paymentMethods.standardisedMethods.mistercash":"Bancontact / Mister Cash","consumerWebMenuAndCheckout.paymentMethods.standardisedMethods.meal_voucher":"Maaltijdcheque","consumerWebMenuAndCheckout.paymentMethods.standardisedMethods.amazonpay":"Amazon Pay","consumerWebMenuAndCheckout.paymentMethods.notifications.subscription":"A credit/debit card is required to secure your subscription to Just Eat+.","consumerWebMenuAndCheckout.paymentStatusModal.texts.pleaseWait":"Jouw bestelling wordt verwerkt","consumerWebMenuAndCheckout.paymentStatusModal.texts.checkEmail":"Sluit dit venster alsjeblieft niet vroegtijdig af. Mocht het langer duren dan verwacht, bekijk dan je email voor een bestelbevestiging. Geen bevestigingse-mail ontvangen? Probeer dan opnieuw te bestellen.","consumerWebMenuAndCheckout.paymentStatusModal.texts.retry":"Bestel opnieuw","consumerWebMenuAndCheckout.remarks.placeholders.deliveryPlaceholder":"bijv.: Niet aanbellen. De baby slaapt.","consumerWebMenuAndCheckout.remarks.placeholders.pickupPlaceholder":"Schrijf hier een notitie","consumerWebMenuAndCheckout.remarks.placeholders.collectionPlaceholder":"Schrijf hier een notitie","consumerWebMenuAndCheckout.remarks.labels.delivery":"Opmerking toevoegen","consumerWebMenuAndCheckout.remarks.labels.pickup":"Opmerking toevoegen","consumerWebMenuAndCheckout.remarks.labels.collection":"Opmerking toevoegen","consumerWebMenuAndCheckout.remarks.texts.deliverySave":"Bewaar deze opmerkingen voor je volgende bestelling.","consumerWebMenuAndCheckout.remarks.texts.pickupSave":"Bewaar deze opmerkingen voor je volgende bestelling.","consumerWebMenuAndCheckout.remarks.texts.collectionSave":"Bewaar deze opmerkingen voor je volgende bestelling.","consumerWebMenuAndCheckout.menu.menuItem.excludedFromMov":"Dit product maakt geen deel uit van de minimum bestelwaarde.","consumerWebMenuAndCheckout.menu.menuItem.addToCart":"Voegt het product toe aan het winkelmandje","consumerWebMenuAndCheckout.menu.menuItem.hideChoices":"Sluit het paneel met bijgerechten","consumerWebMenuAndCheckout.menu.menuItem.showChoices":"Toont de groottes en bijgerechten voor dit product","consumerWebMenuAndCheckout.menu.menuItem.isOffline":"Niet beschikbaar","consumerWebMenuAndCheckout.menu.menuItem.variablePrice":"vanaf {price}","consumerWebMenuAndCheckout.menu.menuItem.ageRestriction":"alleen voor {age} jaar en ouder","consumerWebMenuAndCheckout.menu.menuItem.servings":"Servings","consumerWebMenuAndCheckout.menu.menuItem.serving":"Serving","consumerWebMenuAndCheckout.menu.menuItem.from":"From","consumerWebMenuAndCheckout.menu.menuItem.fromServing":"From {servingAmount} serving","consumerWebMenuAndCheckout.menu.menuItem.fromServings":"From {servingAmount} servings","consumerWebMenuAndCheckout.menu.menuItem.fromSingleServing":"From {servingAmount} serving","consumerWebMenuAndCheckout.menu.menuItem.singleServing":"{servingAmount} serving","consumerWebMenuAndCheckout.menu.menuItem.singleServings":"{servingAmount} servings","consumerWebMenuAndCheckout.menu.menuItem.itemRestrictionNotificationTitle":"This is an age-restricted item","consumerWebMenuAndCheckout.menu.menuItem.itemRestrictionNotificationContent":"Have your ID ready. Weâll verify your age at checkout.","consumerWebMenuAndCheckout.menu.menuItem.discountText":"{value} Off","consumerWebMenuAndCheckout.menu.menuItem.pharmacyItemRestrictionNotificationContent":"Om veiligheidsredenen \r\ngeldt er een bestellimiet \r\nvoor bepaalde \r\nproductsoorten.","consumerWebMenuAndCheckout.menu.menuItem.pharmacyItemRestrictionNotificationTitle":"Maximaal 2 per bestelling","consumerWebMenuAndCheckout.menu.menuItem.bogofText":"Twee halen, Ã©Ã©n betalen","consumerWebMenuAndCheckout.menu.menuItem.bogofHalfText":"Koop 1 en krijg 1 voor de halve prijs","consumerWebMenuAndCheckout.menu.menuItem.outOfStock":"Out of stock","consumerWebMenuAndCheckout.menu.menuItem.alcohol":"{value}% vol","consumerWebMenuAndCheckout.menu.menuItem.g":"g","consumerWebMenuAndCheckout.menu.menuItem.kg":"kg","consumerWebMenuAndCheckout.menu.menuItem.l":"l","consumerWebMenuAndCheckout.menu.menuItem.ml":"ml","consumerWebMenuAndCheckout.menu.menuItem.itemRestrictionNotification":"Dit is een artikel met leeftijdsrestrictie. Je bezorger zal je om een geldig ID vragen.","consumerWebMenuAndCheckout.menu.menuItem.itemRestrictionNotificationContentGroupOrderInvitee":"Dit is een artikel met leeftijdsrestrictie. Je bezorger zal {groupName} om een geldig ID vragen.","consumerWebMenuAndCheckout.menu.menuItem.unavailable":"Unavailable","consumerWebMenuAndCheckout.menu.menuItem.maximumRedemptions":"({redemptionAmount} per order)","consumerWebMenuAndCheckout.menu.menuItem.freebie":"Ontvang een freebie","consumerWebMenuAndCheckout.menu.menuItem.ariaLabelAddToBasketIconButton":"Voeg {name} toe aan het winkelmandje","consumerWebMenuAndCheckout.menu.menuItemCategory.availability":"Let op: de producten in deze categorie kunnen alleen worden geleverd tussen: {start} - {end}.","consumerWebMenuAndCheckout.menu.menuItemCategory.canNotOrderWithTime":"De producten binnen de volgende categorie kunnen alleen geleverd worden voor {time} u.","consumerWebMenuAndCheckout.menu.menuItemCategory.canNotOrder":"Producten in deze categorie kunnen vandaag niet worden besteld.","consumerWebMenuAndCheckout.menu.menuItemCategory.showMore":"Lees verder","consumerWebMenuAndCheckout.menu.menuItemCategory.showLess":"Toon minder","consumerWebMenuAndCheckout.menu.menuItemCategory.availabilityTimes":"Let op: de producten in deze categorie kunnen alleen worden geleverd tussen: {times}","consumerWebMenuAndCheckout.menu.menuItemCategory.items":"producten","consumerWebMenuAndCheckout.menu.menuItemChoiceDescription.choiceOf":"Keuze uit: {choices}{isLongDescription, select, true {en meer} other {}}.","consumerWebMenuAndCheckout.menu.menuItemChoiceDescription.and":"{firstGroup} en {lastItem}","consumerWebMenuAndCheckout.menu.menuItemChoiceDescription.or":"{firstGroup} of {lastItem}","consumerWebMenuAndCheckout.menu.menuItemSearch.noItems":"Geen producten gevonden","consumerWebMenuAndCheckout.menu.menuItemSearch.placeholder":"Zoek naar gerechten, etc...","consumerWebMenuAndCheckout.menu.menuItemSearch.resetSearch":"Zoekopdracht wissen","consumerWebMenuAndCheckout.menu.menuItemSearch.labelSearch":"Zoekt naar een product","consumerWebMenuAndCheckout.menu.menuItemSearch.label":"Search the menu","consumerWebMenuAndCheckout.menu.menuItemSearch.backToMenuButton":"Back to menu","consumerWebMenuAndCheckout.menu.menuItemSearch.noItemsFoundHeading":"Thatâs not on the menu","consumerWebMenuAndCheckout.menu.menuItemSearch.noItemsFoundSubheading":"Try something else?","consumerWebMenuAndCheckout.menu.menuItemSearch.errorHeading":"Something went wrong","consumerWebMenuAndCheckout.menu.menuItemSearch.errorSubheading":"Sorry about that, please try again","consumerWebMenuAndCheckout.menu.menuItemSearch.tryAgainButton":"Try again","consumerWebMenuAndCheckout.menu.menuItemSearch.updatedPlaceholder":"Zoeken {partner}","consumerWebMenuAndCheckout.menu.menuItemChoices.showMore":"Laat {amount} meer zien","consumerWebMenuAndCheckout.menu.menuItemChoices.showLess":"Laat {amount} minder zien","consumerWebMenuAndCheckout.menu.menuItemChoices.addToCart":"Voegt {product} aan boodschappenmandje toe voor {price}","consumerWebMenuAndCheckout.menu.menuItemChoices.variantsLabel":"Selecteert het formaat van het product","consumerWebMenuAndCheckout.menu.menuItemChoices.required":"Verplicht","consumerWebMenuAndCheckout.menu.menuItemChoices.optional":"Optioneel","consumerWebMenuAndCheckout.menu.menuItemChoices.requiredDefaultTitle":"Kies","consumerWebMenuAndCheckout.menu.menuItemChoices.optionalDefaultTitle":"Extras","consumerWebMenuAndCheckout.menu.menuItemChoices.multipleChoicesRequiredError":"{quantity} required","consumerWebMenuAndCheckout.menu.menuItemChoices.oneMoreChoiceRequiredError":"1 more required","consumerWebMenuAndCheckout.menu.menuItemChoices.oneChoiceRequiredError":"Kies er Ã©Ã©n","consumerWebMenuAndCheckout.menu.menuItemChoices.notEnoughSelectionsError":"Je hebt nog niet al je keuzes gemaakt","consumerWebMenuAndCheckout.menu.menuItemChoices.dismissToastButton":"Sluiten","consumerWebMenuAndCheckout.menu.menuItemChoices.itemUnavailableError":"This item is not available right now","consumerWebMenuAndCheckout.menu.menuItemChoices.unavailableOption":"Onbeschikbaar","consumerWebMenuAndCheckout.menu.menuItemChoices.singleServing":"{servingAmount} serving","consumerWebMenuAndCheckout.menu.menuItemChoices.fromSingleServing":"From {servingAmount} serving","consumerWebMenuAndCheckout.menu.menuItemChoices.servings":"{servingAmount} servings","consumerWebMenuAndCheckout.menu.menuItemChoices.fromServings":"From {servingAmount} servings","consumerWebMenuAndCheckout.menu.menuItemChoices.from":"From","consumerWebMenuAndCheckout.menu.menuItemChoices.fromServing":"From {servingAmount} serving","consumerWebMenuAndCheckout.menu.menuItemChoices.reportLink":"Juridisch probleem melden","consumerWebMenuAndCheckout.menu.menuItemChoices.pharmacyItemLimitError":"Je hebt de maximale \r\nlimiet voor dit \r\nsoort product bereikt.","consumerWebMenuAndCheckout.menu.menuItemChoices.pharmacyItemLimitErrorBasket":"Je hebt de maximale limiet voor dit\r\n soort product bereikt.","consumerWebMenuAndCheckout.menu.menuItemChoices.add":"Add","consumerWebMenuAndCheckout.menu.menuItemChoices.exploreAlternatives":"Explore alternatives","consumerWebMenuAndCheckout.menu.menuItemChoices.tryAnotherStore":"Try another store","consumerWebMenuAndCheckout.menu.menuItemChoices.enterYourLocation":"Enter location to add to basket","consumerWebMenuAndCheckout.menu.menuItemChoices.showMoreText":"Toon meer","consumerWebMenuAndCheckout.menu.menuItemChoices.showLessText":"Laat minder zien","consumerWebMenuAndCheckout.menu.menuItemChoices.addNotesText":"Voeg een notitie toe","consumerWebMenuAndCheckout.menu.menuItemChoices.addNotesDeleteText":"Your notes has been deleted","consumerWebMenuAndCheckout.menu.menuItemChoices.unavailableChoices":"Keuzes niet beschikbaar","consumerWebMenuAndCheckout.menu.menuItemChoices.customizationsApplied":"Je selectie is toegepast","consumerWebMenuAndCheckout.menu.menuItemChoices.reviewButton":"Bekijken","consumerWebMenuAndCheckout.menu.menuItemChoices.undoButton":"Ongedaan maken","consumerWebMenuAndCheckout.menu.menuItemChoices.previousChoices":"Je vorige keuzes #{index}","consumerWebMenuAndCheckout.menu.itemCounter.increaseQuantity":"Verhoog de hoeveelheid van {product} van {old} naar {new}","consumerWebMenuAndCheckout.menu.itemCounter.decreaseQuantity":"Verminder de hoeveelheid van {product} van {old} naar {new}","consumerWebMenuAndCheckout.menu.itemInfo.caffeine":"Bevat cafeÃ¯ne ({value} mg/100 ml)","consumerWebMenuAndCheckout.menu.itemInfo.alcohol":"{value}% vol","consumerWebMenuAndCheckout.menu.itemInfo.deposit":"incl. statiegeld ({value})","consumerWebMenuAndCheckout.menu.itemInfo.metricsDescription":"{value}{unit}","consumerWebMenuAndCheckout.menu.itemInfo.g":"g","consumerWebMenuAndCheckout.menu.itemInfo.kg":"kg","consumerWebMenuAndCheckout.menu.itemInfo.ml":"ml","consumerWebMenuAndCheckout.menu.itemInfo.l":"l","consumerWebMenuAndCheckout.menu.itemInfo.depositInclusive":"incl. statiegeld ({value})","consumerWebMenuAndCheckout.menu.itemInfo.depositExclusive":"+ {value}  Deposit","consumerWebMenuAndCheckout.menu.itemInfo.deposit_ex":"excl. statiegeld ({value})","consumerWebMenuAndCheckout.menu.itemInfo.depositExclusiveFrom":"+ Deposit from {value} ","consumerWebMenuAndCheckout.menu.itemInfo.from":"from","consumerWebMenuAndCheckout.menu.itemInfo.containsCaffeine":"Bevat cafeÃ¯ne","consumerWebMenuAndCheckout.menu.itemInfo.unit":"unit","consumerWebMenuAndCheckout.menu.menuItemsContent.colophon":"Colofon","consumerWebMenuAndCheckout.menu.menuItemsContent.businessDetail":"Business details","consumerWebMenuAndCheckout.menu.ageVerificationModal.confirmButton":"Ja, ga verder","consumerWebMenuAndCheckout.menu.ageVerificationModal.cancelButton":"Nee, annuleren","consumerWebMenuAndCheckout.menu.ageVerificationModal.firstModalBody":"Om je bestelling af te ronden, moet je bevestigen dat je oud genoeg bent om dit item te kopen in het land van aanschaf.","consumerWebMenuAndCheckout.menu.ageVerificationModal.secondModalBody":"Je moet je leeftijd kunnen aantonen {age}+ met een geldige ID-kaart om je bestelling te ontvangen.","consumerWebMenuAndCheckout.menu.ageVerificationModal.modalTitle":"Ben je oud genoeg om dit artikel te kopen?","consumerWebMenuAndCheckout.menu.ageVerificationModal.modalHeader":"   ","consumerWebMenuAndCheckout.menu.ageVerificationModal.purchaseCountry":"in your country of purchase","consumerWebMenuAndCheckout.menu.ageVerificationModal.title":"Ben je {age} jaar of ouder?","consumerWebMenuAndCheckout.menu.ageVerificationModal.modalHeader_ie":"Ben je {age} jaar of ouder?","consumerWebMenuAndCheckout.menu.ageVerificationModal.confirmButton_ie":"Ja, ik ben {age} of ouder","consumerWebMenuAndCheckout.menu.ageVerificationModal.subTitle":"Voordat je artikelen met leeftijdsrestrictie bestelt:","consumerWebMenuAndCheckout.menu.ageVerificationModal.firstModalItemTitle":"Zorg dat je je ID bij de hand hebt","consumerWebMenuAndCheckout.menu.ageVerificationModal.firstModalItemBody":"Laat zien dat je {age} of ouder bent, bijvoorbeeld door je paspoort of rijbewijs te laten zien.","consumerWebMenuAndCheckout.menu.ageVerificationModal.secondModalItemTitle":"Order using the name on your ID","consumerWebMenuAndCheckout.menu.ageVerificationModal.secondModalItemBody":"Controleer de naam die op je account staat. Je krijgt je bestelling alleen als de namen overeenkomen.","consumerWebMenuAndCheckout.menu.ageVerificationModal.thirdModalBody":"If you do not collect your products at the Restaurant or Store yourself, you hereby authorise a courier to collect the alcoholic beverage products on your behalf at the Restaurant or Store and to deliver them to you. Please refer to clause [7.8] of the {learnMore} for more information.","consumerWebMenuAndCheckout.menu.ageVerificationModal.thirdModalBodyLink":"terms of service","consumerWebMenuAndCheckout.menu.ageVerificationModal.modalHeaderText":"Ben je {age} jaar of ouder?","consumerWebMenuAndCheckout.menu.ageVerificationModal.confirmButtonText":"Ja, ik ben {age} of ouder","consumerWebMenuAndCheckout.menu.menuItemDiscountDescription.offer":"Aanbieding","consumerWebMenuAndCheckout.menu.tags.spicy":"Pittig","consumerWebMenuAndCheckout.menu.tags.vegetarian":"Vegetarisch","consumerWebMenuAndCheckout.menu.tags.vegan":"Vegan","consumerWebMenuAndCheckout.menu.popularDishes.title":"Popular dishes","consumerWebMenuAndCheckout.menu.popularItems.title":"Popular","consumerWebMenuAndCheckout.menu.popularItems.popularTitle":"Populair","consumerWebMenuAndCheckout.menu.popularItems.highlightsTitle":"Uitgelicht","consumerWebMenuAndCheckout.menu.freeItemsModal.confirmationButton":"Voeg toe aan bestelling","consumerWebMenuAndCheckout.menu.freeItemsModal.cancelButton":"Nee, bedankt","consumerWebMenuAndCheckout.menu.freeItemsModal.label":"Free item options","consumerWebMenuAndCheckout.menu.reorderModal.title":"Order again?","consumerWebMenuAndCheckout.menu.reorderModal.confirmButton":"Add to order","consumerWebMenuAndCheckout.menu.reorderModal.cancelButton":"Nee, bedankt","consumerWebMenuAndCheckout.menu.reorderModal.deselectAllButton":"Deselect all","consumerWebMenuAndCheckout.menu.reorderModal.itemTitle":"{quantity} x {product}","consumerWebMenuAndCheckout.menu.reorderModal.singleServing":"{servingAmount} serving","consumerWebMenuAndCheckout.menu.reorderModal.servings":"Servings","consumerWebMenuAndCheckout.menu.reorderModal.singleServings":"{servingAmount} servings","consumerWebMenuAndCheckout.menu.reorderModal.serving":"Serving","consumerWebMenuAndCheckout.menu.reorderModal.fromSingleServing":"From {servingAmount} serving","consumerWebMenuAndCheckout.menu.reorderModal.fromServings":"From {servingAmount} servings","consumerWebMenuAndCheckout.menu.reorderModal.fromServing":"From {servingAmount} serving","consumerWebMenuAndCheckout.menu.reorderModal.from":"From","consumerWebMenuAndCheckout.menu.reorderModal.unavailable":"Unavailable","consumerWebMenuAndCheckout.menu.menuItemOfferDescription.offer":"Aanbieding","consumerWebMenuAndCheckout.menu.pharmacyConsentModal.title":"Geef je toestemming voor het verwerken van gevoelige gegevens?","consumerWebMenuAndCheckout.menu.pharmacyConsentModal.sensitiveDataText":"Wanneer je bepaalde producten bestelt, moeten we mogelijk bepaalde gevoelige persoonsgegevens van je verwerken.","consumerWebMenuAndCheckout.menu.pharmacyConsentModal.consentButton":"Ik geef toestemming","consumerWebMenuAndCheckout.menu.pharmacyConsentModal.backButton":"Ga terug","consumerWebMenuAndCheckout.menu.pharmacyConsentModal.privacyStatementLink":"privacyverklaring ","consumerWebMenuAndCheckout.menu.pharmacyConsentModal.learnMoreText":"Bekijk onze {privacyStatementLink} voor meer informatie.","consumerWebMenuAndCheckout.menu.pharmacyConsentModal.sensitiveDataTextWithContactDetails":"Als je bepaalde producten bestelt, is het soms nodig dat we vertrouwelijke persoonsgegevens verwerken en beperkte contactgegevens delen zodat de winkel contact met je kan opnemen.","consumerWebMenuAndCheckout.menu.seeWhatYouMissed.title":"Bekijk wat je hebt gemist","consumerWebMenuAndCheckout.menu.seeWhatYouMissed.description":"Zorg dat je alle opties voor dit item kiest.","consumerWebMenuAndCheckout.menu.seeWhatYouMissed.almostThere":"Je bent er bijna","consumerWebMenuAndCheckout.menu.alcoholRequirements.textLink":"No alcohol can be sold or supplied to anyone under 18. It's against the law. Liquor licensing requirements","consumerWebMenuAndCheckout.menu.alcoholRequirements.modalHeaderText":"Your state's alcohol laws","consumerWebMenuAndCheckout.menu.alcoholRequirements.newSouthWalesLawTitle":"New South Wales:","consumerWebMenuAndCheckout.menu.alcoholRequirements.newSouthWalesLawContent":"Liquor Act 2007 - It is against the law to sell or supply alcohol to, or to obtain alcohol on behalf of, a person under the age of 18 years.","consumerWebMenuAndCheckout.menu.alcoholRequirements.victoriaLawTitle":"Victoria:","consumerWebMenuAndCheckout.menu.alcoholRequirements.victoriaLawContent":"Warning - Under the Liquor Control Reform Act 1998 it is an offence to supply alcohol to a person under the age of 18 years (penalty exceeds $18,000), for a person under the age of 18 years to purchase or receive liquor (penalty exceeds $700).","consumerWebMenuAndCheckout.menu.alcoholRequirements.southAustraliaLawTitle":"South Australia:","consumerWebMenuAndCheckout.menu.alcoholRequirements.southAustraliaLawContent":"Under Liquor Licensing Act 1997, Liquor must NOT be supplied to persons under 18.","consumerWebMenuAndCheckout.menu.alcoholRequirements.tasmaniaLawTitle":"Tasmania:","consumerWebMenuAndCheckout.menu.alcoholRequirements.tasmaniaLawContent":"Under the Liquor Licensing Act 1990 it is an offence: for liquor to be delivered to a person under the age of 18 years. Penalty: Fine not exceeding 20 penalty units. For a person under the age of 18 years to purchase liquor. Penalty: Fine not exceeding 10 penalty units","consumerWebMenuAndCheckout.menu.alcoholRequirements.westernAustraliaLawTitle":"Western Australia:","consumerWebMenuAndCheckout.menu.alcoholRequirements.westernAustraliaLawContent":"WARNING. Under the Liquor Control Act 1988, it is an offence: to sell or supply liquor to a person under the age of 18 years on licensed or regulated premises; or for a person under the age of 18 years to purchase, or attempt to purchase, liquor on licensed or regulated premises.","consumerWebMenuAndCheckout.menu.alcoholRequirements.queenslandLawTitle":"Queensland:","consumerWebMenuAndCheckout.menu.alcoholRequirements.queenslandLawContent":"Under the Liquor Act 1992, it is an offence to supply liquor to a person under the age of 18 years.","consumerWebMenuAndCheckout.menu.alcoholRequirements.australianCapitalTerritoryLawTitle":"Australian Capital Territory:","consumerWebMenuAndCheckout.menu.alcoholRequirements.australianCapitalTerritoryLawContent":"WARNING : Liquor ACT 2010: It is an offence to supply alcohol to a person under the age of 18 years. Penalties apply.","consumerWebMenuAndCheckout.menu.alcoholRequirements.modalSubHeaderText":"No alcohol can be sold or supplied to anyone under 18. It's against the law.","consumerWebMenuAndCheckout.menu.alcoholRequirements.contentLabel":"Alcohol Requirements","consumerWebMenuAndCheckout.menu.addNotesModal.header":"Opmerking","consumerWebMenuAndCheckout.menu.addNotesModal.heading":"Voeg een notitie toe","consumerWebMenuAndCheckout.menu.addNotesModal.bodyText":"Vermeld geen informatie over allergieÃ«n of intoleranties in de opmerking.","consumerWebMenuAndCheckout.menu.addNotesModal.placeHolderText":"Bijvoorbeeld: âExtra pittig graag.â","consumerWebMenuAndCheckout.menu.addNotesModal.reportLinkText":"Neem contact op met de klantenservice","consumerWebMenuAndCheckout.menu.addNotesModal.addButtonText":"Voeg toe","consumerWebMenuAndCheckout.menu.addNotesModal.cancelButtonText":"Annuleer","consumerWebMenuAndCheckout.menu.addNotesModal.reportLinkHeading":"Vragen? Neem contact op.","consumerWebMenuAndCheckout.menu.itemSearchRestaurantList.nearbyStoresCount":"{count} nearby stores","consumerWebMenuAndCheckout.menu.itemSearchRestaurantList.selectStore":"Select store","consumerWebMenuAndCheckout.menu.itemSearchRestaurantList.timeDuration":"{duration} mins","consumerWebMenuAndCheckout.menu.itemSearchRestaurantList.minOrder":"Min. {value}","consumerWebMenuAndCheckout.menu.itemSearchRestaurantList.productNotAvailable":"Product not available nearby","consumerWebMenuAndCheckout.menu.itemSearchRestaurantList.emptyListInfo":"We cannot find a store nearby where this item is available. Try again later or look for alternatives.","consumerWebMenuAndCheckout.menu.itemSearchRestaurantList.showAlternatives":"Show alternatives","consumerWebMenuAndCheckout.menu.itemSearchRestaurantList.noMinOrder":"No min. order","consumerWebMenuAndCheckout.menu.itemSearchRestaurantList.delivery":"Delivery","consumerWebMenuAndCheckout.menu.itemSearchRestaurantList.from":"from","consumerWebMenuAndCheckout.menu.itemSearchRestaurantList.changeStore":"Change store","consumerWebMenuAndCheckout.menu.itemSearchRestaurantList.deliverTo":"Deliver to","consumerWebMenuAndCheckout.menu.itemSearchRestaurantList.addressTooltip":"Is this the right address?","consumerWebMenuAndCheckout.nutritionInfo.texts.heading":"Meer productinformatie","consumerWebMenuAndCheckout.nutritionInfo.texts.subheadingAdditives":"Stoffen of producten die allergieÃ«n of intoleranties veroorzaken","consumerWebMenuAndCheckout.nutritionInfo.texts.subheadingAllergens":"Allergenen","consumerWebMenuAndCheckout.nutritionInfo.texts.foodInformationVerifiedByRestaurant":"Deze allergeneninformatie is geverifieerd door het restaurant","consumerWebMenuAndCheckout.nutritionInfo.texts.subheadingNutrients":"Voedingswaarden","consumerWebMenuAndCheckout.nutritionInfo.texts.customerService":"Klantenservice","consumerWebMenuAndCheckout.nutritionInfo.texts.restaurantPhoneNumber":"Als je allergieÃ«n of intoleranties hebt (of iemand voor wie je bestelt, heeft die) en vragen hebt over specifieke producten op het menu, neem dan contact op met het restaurant via {restaurantPhoneNumber}. Bestel niet als je geen juiste allergie-informatie kunt vinden.","consumerWebMenuAndCheckout.nutritionInfo.texts.disclaimerForm":"We geven je altijd relevante informatie die onze partners ons over hun producten hebben gegeven. In sommige gevallen kan de weergegeven informatie echter onvolledig, automatisch gegenereerd en/of nog niet bevestigd zijn door {restaurantName}. Neem contact op met onze afdeling klantenservice via dit {form} als je allergieÃ«n, intoleranties of vragen hebt over specifieke producten.","consumerWebMenuAndCheckout.nutritionInfo.texts.form":"formulier","consumerWebMenuAndCheckout.nutritionInfo.texts.cartNutritionInfoHeading":"Do you have a food allergy?","consumerWebMenuAndCheckout.nutritionInfo.texts.cartDisclaimerForm":"If you have a food allergy or intolerance (or someone you're ordering for has), {allergenUrl}  before placing your order. Do not order if you cannot get the allergy information you need.","consumerWebMenuAndCheckout.nutritionInfo.texts.allergenUrlHeading":"read what this business has to say about allergies","consumerWebMenuAndCheckout.nutritionInfo.texts.cartDisclaimerFormByPhoneNumber":"If you have a food allergy or intolerance (or someone you're ordering for has), phone the restaurant on {phoneNumber}. Do not order if you cannot get the allergy information you need.\r\n\r\n","consumerWebMenuAndCheckout.nutritionInfo.texts.cartAllergenUrlAndPhoneNumber":"If you have a food allergy or intolerance (or someone you're ordering for has), phone the restaurant on {allergenPhoneNumber} before placing your order and {allergenUrl}. Do not order if you cannot get the allergy information you need.","consumerWebMenuAndCheckout.nutritionInfo.texts.specificRestaurantAllergenInfo":"Your food and its packaging may come into contact with allergens during preparation, cooking or delivery. The food is produced in kitchens where allergens are handled and where equipment and utensils are used for multiple menu items, including those containing allergens.","consumerWebMenuAndCheckout.nutritionInfo.texts.specificRestaurantAllergenUrl":"Read our Allergen Information","consumerWebMenuAndCheckout.nutritionInfo.texts.specificRestaurantNutritionInfo":"Read our Nutrition Information","consumerWebMenuAndCheckout.nutritionInfo.texts.defaultInfo":"If you have a food allergy or intolerance (or someone you're ordering for has), please contact the restaurant before placing the order. Do not order if you cannot get the allergy information you need.","consumerWebMenuAndCheckout.nutritionInfo.texts.alreadyViewedText":"You looked at the food allergy info earlier.","consumerWebMenuAndCheckout.nutritionInfo.texts.starbucksInfo":"We cannot guarantee that our beverage and food items are allergen free. This is due to the nature of how we create and handle our products.\r\n\r\nOur beverage and food items are prepared by our partners where allergens can come into contact with our shared equipment and utensils.\r\n\r\nFor full allergen and nutrition information, please visit the {starbucksInfoLink}","consumerWebMenuAndCheckout.nutritionInfo.texts.starbucksInfoLink":"Starbucks website","consumerWebMenuAndCheckout.nutritionInfo.texts.starbucksAllergenInfoGeneral":"We cannot guarantee that our beverage and food items are allergen free. This is due to the nature of how we create and handle our products.\r\n","consumerWebMenuAndCheckout.nutritionInfo.texts.starbucksAllergenInfoPartners":"Our beverage and food items are prepared by our partners where allergens can come into contact with our shared equipment and utensils.\r\n","consumerWebMenuAndCheckout.nutritionInfo.texts.starbucksAllergenInfoComplete":"For full allergen and nutrition information, please visit the {starbucksInfoLink}.","consumerWebMenuAndCheckout.nutritionInfo.texts.starbucksAllergenInfoAdvice":"Do not order if you cannot get the allergy information you need.","consumerWebMenuAndCheckout.nutritionInfo.texts.mcDonaldsAllergenInfo":"Your food and its packaging may come into contact with allergens during preparation, cooking or delivery. The food is produced in kitchens where allergens are handled and where equipment and utensils are used for multiple menu items, including those containing allergens.","consumerWebMenuAndCheckout.nutritionInfo.texts.mcDonaldsAllergenUrl":"Read our Allergen Information","consumerWebMenuAndCheckout.nutritionInfo.texts.mcDonaldsNutritionInfo":"Read our Nutrition Information","consumerWebMenuAndCheckout.nutritionInfo.texts.fiveGuysAllergenInfo":"Weâre sorry but we are unable to cater for any allergies or food intolerances placed on line and or through Just Eat. Important allergen, ingredient and nutritional information can be found on our website:","consumerWebMenuAndCheckout.nutritionInfo.texts.fiveGuysAllergenUrl":"Read our Allergen Information","consumerWebMenuAndCheckout.nutritionInfo.texts.fiveGuysIngredientsInfo":"Read our Ingredients Information","consumerWebMenuAndCheckout.nutritionInfo.texts.reportLink":"Juridisch probleem melden","consumerWebMenuAndCheckout.nutritionInfo.texts.itemInfoHeading":"Productinformatie","consumerWebMenuAndCheckout.nutritionInfo.texts.pharmacyItemRestrictionNotificationTitle":"Maximaal {itemLimit} per bestelling","consumerWebMenuAndCheckout.nutritionInfo.texts.pharmacyItemRestrictionNotificationContent":"Om veiligheidsredenen geldt er een bestellimiet voor bepaalde productsoorten.","consumerWebMenuAndCheckout.nutritionInfo.texts.additivesTitle":"Additieven","consumerWebMenuAndCheckout.nutritionInfo.texts.allergensTitle":"Allergenen","consumerWebMenuAndCheckout.nutritionInfo.texts.nutritionFactsTitle":"Voedingsinformatie","consumerWebMenuAndCheckout.nutritionInfo.texts.verified_partner":"Bevestigd door verkoper","consumerWebMenuAndCheckout.nutritionInfo.texts.unverified_partner":"Niet bevestigd door verkoper","consumerWebMenuAndCheckout.nutritionInfo.texts.itemWithVariationsDisclaimer":"Voor gedetailleerde informatie selecteer je dit product en vervolgens {itemInfo} voor een specifieke personaliseringsoptie voor dit product.","consumerWebMenuAndCheckout.nutritionInfo.texts.itemInfo":"Productinformatie","consumerWebMenuAndCheckout.nutritionInfo.additives.1":"Met kleurstof","consumerWebMenuAndCheckout.nutritionInfo.additives.2":"Met conserveermiddel","consumerWebMenuAndCheckout.nutritionInfo.additives.3":"Met antioxidant","consumerWebMenuAndCheckout.nutritionInfo.additives.4":"Met smaakversterker","consumerWebMenuAndCheckout.nutritionInfo.additives.5":"Sulfieten","consumerWebMenuAndCheckout.nutritionInfo.additives.6":"Zwartgemaakt","consumerWebMenuAndCheckout.nutritionInfo.additives.7":"Gewaxt","consumerWebMenuAndCheckout.nutritionInfo.additives.8":"Met fosfaat","consumerWebMenuAndCheckout.nutritionInfo.additives.9":"Met zoetstof(fen)","consumerWebMenuAndCheckout.nutritionInfo.additives.10":"Bevat cafeÃ¯ne","consumerWebMenuAndCheckout.nutritionInfo.additives.11":"bevat kinine","consumerWebMenuAndCheckout.nutritionInfo.additives.12":"genetisch gemodificeerd","consumerWebMenuAndCheckout.nutritionInfo.additives.13":"bevat zuurmakers","consumerWebMenuAndCheckout.nutritionInfo.additives.14":"bevat stabilisatoren","consumerWebMenuAndCheckout.nutritionInfo.additives.15":"bevat proteÃ¯ne","consumerWebMenuAndCheckout.nutritionInfo.additives.new_1":"Met kleurstof","consumerWebMenuAndCheckout.nutritionInfo.additives.new_1_1":"Kan bij kinderen een negatief effect hebben op activiteit en aandacht.","consumerWebMenuAndCheckout.nutritionInfo.additives.new_2":"Met conserveermiddel","consumerWebMenuAndCheckout.nutritionInfo.additives.new_2_1":"Met nitrietpekelzout","consumerWebMenuAndCheckout.nutritionInfo.additives.new_2_2":"Met nitraat","consumerWebMenuAndCheckout.nutritionInfo.additives.new_2_3":"Met nitrietpekelzout en nitraat","consumerWebMenuAndCheckout.nutritionInfo.additives.new_3":"Met antioxidant","consumerWebMenuAndCheckout.nutritionInfo.additives.new_4":"Met smaakversterker","consumerWebMenuAndCheckout.nutritionInfo.additives.new_5":"Sulfieten","consumerWebMenuAndCheckout.nutritionInfo.additives.new_6":"Zwartgemaakt","consumerWebMenuAndCheckout.nutritionInfo.additives.new_7":"Gewaxt","consumerWebMenuAndCheckout.nutritionInfo.additives.new_8":"Met fosfaat","consumerWebMenuAndCheckout.nutritionInfo.additives.new_9":"Met zoetstof(fen)","consumerWebMenuAndCheckout.nutritionInfo.additives.new_9_1":"bevat fenylalanine","consumerWebMenuAndCheckout.nutritionInfo.additives.new_9_2":"Overmatig gebruik kan een laxerende werking veroorzaken","consumerWebMenuAndCheckout.nutritionInfo.additives.new_10":"Bevat cafeÃ¯ne","consumerWebMenuAndCheckout.nutritionInfo.additives.new_10_1":"Hoog cafeÃ¯negehalte. Niet aanbevolen voor kinderen en zwangere vrouwen of vrouwen die borstvoeding geven","consumerWebMenuAndCheckout.nutritionInfo.additives.new_10_2":"Bevat cafeÃ¯ne. Niet aanbevolen voor kinderen of zwangere vrouwen.","consumerWebMenuAndCheckout.nutritionInfo.additives.new_11":"bevat kinine","consumerWebMenuAndCheckout.nutritionInfo.additives.new_12":"genetisch gemodificeerd","consumerWebMenuAndCheckout.nutritionInfo.additives.new_13":"bevat zuurmakers","consumerWebMenuAndCheckout.nutritionInfo.additives.new_14":"bevat stabilisatoren","consumerWebMenuAndCheckout.nutritionInfo.additives.new_15":"bevat proteÃ¯ne","consumerWebMenuAndCheckout.nutritionInfo.additives.new_15_1":"bevat melkproteÃ¯ne","consumerWebMenuAndCheckout.nutritionInfo.additives.new_15_2":"bevat zetmeel","consumerWebMenuAndCheckout.nutritionInfo.additives.new_15_3":"bevat eiwitten","consumerWebMenuAndCheckout.nutritionInfo.additives.1_1":"Kan bij kinderen een negatief effect hebben op activiteit en aandacht.","consumerWebMenuAndCheckout.nutritionInfo.additives.2_1":"Met nitrietpekelzout","consumerWebMenuAndCheckout.nutritionInfo.additives.2_2":"Met nitraat","consumerWebMenuAndCheckout.nutritionInfo.additives.2_3":"Met nitrietpekelzout en nitraat","consumerWebMenuAndCheckout.nutritionInfo.additives.9_1":"bevat fenylalanine","consumerWebMenuAndCheckout.nutritionInfo.additives.9_2":"Overmatig gebruik kan een laxerende werking veroorzaken","consumerWebMenuAndCheckout.nutritionInfo.additives.10_1":"Hoog cafeÃ¯negehalte. Niet aanbevolen voor kinderen en zwangere vrouwen of vrouwen die borstvoeding geven","consumerWebMenuAndCheckout.nutritionInfo.additives.10_2":"Bevat cafeÃ¯ne. Niet aanbevolen voor kinderen of zwangere vrouwen.","consumerWebMenuAndCheckout.nutritionInfo.additives.15_1":"bevat melkproteÃ¯ne","consumerWebMenuAndCheckout.nutritionInfo.additives.15_2":"bevat zetmeel","consumerWebMenuAndCheckout.nutritionInfo.additives.15_3":"bevat eiwitten","consumerWebMenuAndCheckout.nutritionInfo.additives.antioxidants":"Bevat antioxidanten","consumerWebMenuAndCheckout.nutritionInfo.additives.caffeine":"Bevat cafeÃ¯ne","consumerWebMenuAndCheckout.nutritionInfo.additives.colours":"Bevat kleurstoffen","consumerWebMenuAndCheckout.nutritionInfo.additives.flavourEnhancers":"Bevat smaakversterkers","consumerWebMenuAndCheckout.nutritionInfo.additives.geneticallyModified":"Genetisch gemodificeerd","consumerWebMenuAndCheckout.nutritionInfo.additives.liquorice":"Bevat zoethout","consumerWebMenuAndCheckout.nutritionInfo.additives.nitrate":"Bevat nitraat","consumerWebMenuAndCheckout.nutritionInfo.additives.nitriteCuringSalt":"Bevat nitrietzout","consumerWebMenuAndCheckout.nutritionInfo.additives.phosphate":"Bevat fosfaat","consumerWebMenuAndCheckout.nutritionInfo.additives.plantStanols":"Met toegevoegde plantenstanolen","consumerWebMenuAndCheckout.nutritionInfo.additives.plantSterols":"Met toegevoegde plantensterolen","consumerWebMenuAndCheckout.nutritionInfo.additives.preservatives":"Bevat conserveermiddelen","consumerWebMenuAndCheckout.nutritionInfo.additives.quinine":"Bevat kinine","consumerWebMenuAndCheckout.nutritionInfo.additives.darkened":"Donker gemaakt","consumerWebMenuAndCheckout.nutritionInfo.additives.sugarsAndSweeteners":"Met suiker(s) en zoetstof(fen)","consumerWebMenuAndCheckout.nutritionInfo.additives.sweeteners":"Bevat zoetstof(fen)","consumerWebMenuAndCheckout.nutritionInfo.additives.tableTopSweetenerAcesulfameK":"Zoetstof op basis van acesulfaam","consumerWebMenuAndCheckout.nutritionInfo.additives.tableTopSweetenerAdvantame":"Zoetstof op basis van advantaam","consumerWebMenuAndCheckout.nutritionInfo.additives.tableTopSweetenerAlitame":"Zoetstof op basis van alitaam","consumerWebMenuAndCheckout.nutritionInfo.additives.tableTopSweetenerAspartame":"Zoetstof op basis van aspartaam","consumerWebMenuAndCheckout.nutritionInfo.additives.tableTopSweetenerAspartameAcesulphameSalt":"Zoetstof op basis van aspartaam-acesulfaamzout","consumerWebMenuAndCheckout.nutritionInfo.additives.waxed":"Gewaxt","consumerWebMenuAndCheckout.nutritionInfo.additives.packagingGases":"Verpakt onder beschermende atmosfeer","consumerWebMenuAndCheckout.nutritionInfo.additives.warning_plantSterolsStanols":"Dit item is niet bedoeld voor mensen die problemen hebben met het cholesterolniveau in hun bloed. Mensen die medicatie hebben om hun cholesterol te verlagen, mogen het product alleen onder medisch toezicht gebruiken. Dit product is mogelijk niet als voeding geschikt voor vrouwen die zwanger zijn of borstvoeding geven en kinderen onder de 5 jaar. Dit product moet worden gebruikt als onderdeel van een gebalanceerd en gevarieerd eetpatroon, waarbij regelmatig fruit en groente wordt gegeten om het gehalte aan carotenoÃ¯den op peil te houden. Consumeer per dag niet meer dan 3 g toegevoegde plantensterolen/plantenstanolen.","consumerWebMenuAndCheckout.nutritionInfo.additives.warning_liquoriceHypertension":"Bevat zoethout. Mensen die een hoge bloeddruk hebben, moeten de consumptie hiervan beperken.","consumerWebMenuAndCheckout.nutritionInfo.additives.warning_sweetenersLaxativeEffects":"Overmatige consumptie kan een laxerend effect hebben","consumerWebMenuAndCheckout.nutritionInfo.additives.warning_packagingGasesProtectiveAtmosphere":"Verpakt onder beschermende atmosfeer","consumerWebMenuAndCheckout.nutritionInfo.additives.warning_caffeineHighContentBeverage":"Hoog cafeÃ¯negehalte. Niet aanbevolen voor kinderen of vrouwen die zwanger zijn of borstvoeding geven","consumerWebMenuAndCheckout.nutritionInfo.additives.warning_caffeineNonBeverage":"Bevat cafeÃ¯ne. Niet aanbevolen voor kinderen of vrouwen die zwanger zijn","consumerWebMenuAndCheckout.nutritionInfo.additives.warning_coloursHyperactivity":"Kan een nadelig effect hebben op het niveau van activiteit en concentratie bij kinderen","consumerWebMenuAndCheckout.nutritionInfo.additives.warning_sweetenersPhenylalanine":"Bevat een bron van fenylalanine","consumerWebMenuAndCheckout.nutritionInfo.additives.tableTopSweetenerCyclamate":"Zoetstof op basis van cyclamaat","consumerWebMenuAndCheckout.nutritionInfo.additives.tableTopSweetenerErythritol":"Zoetstof op basis van erythritol","consumerWebMenuAndCheckout.nutritionInfo.additives.tableTopSweetenerIsomalt":"Zoetstof op basis van isomalt","consumerWebMenuAndCheckout.nutritionInfo.additives.tableTopSweetenerLactitol":"Zoetstof op basis van lactitol","consumerWebMenuAndCheckout.nutritionInfo.additives.tableTopSweetenerMaltitol":"Zoetstof op basis van maltitol","consumerWebMenuAndCheckout.nutritionInfo.additives.tableTopSweetenerMannitol":"Zoetstof op basis van mannitol","consumerWebMenuAndCheckout.nutritionInfo.additives.tableTopSweetenerNeohesperidineDC":"Zoetstof op basis van neohesperidine DC","consumerWebMenuAndCheckout.nutritionInfo.additives.tableTopSweetenerNeotame":"Zoetstof op basis van neotaam","consumerWebMenuAndCheckout.nutritionInfo.additives.tableTopSweetenerPolyglycitolSyrup":"Zoetstof op basis van polyglycitolstroop","consumerWebMenuAndCheckout.nutritionInfo.additives.tableTopSweetenerSaccharin":"Zoetstof op basis van sacharine","consumerWebMenuAndCheckout.nutritionInfo.additives.tableTopSweetenerSorbitol":"Zoetstof op basis van sorbitol","consumerWebMenuAndCheckout.nutritionInfo.additives.tableTopSweetenerSteviolGlycoside":"Zoetstof op basis van steviolglycoside","consumerWebMenuAndCheckout.nutritionInfo.additives.tableTopSweetenerSucralose":"Zoetstof op basis van sucralose","consumerWebMenuAndCheckout.nutritionInfo.additives.tableTopSweetenerThaumatin":"Zoetstof op basis van thaumatine","consumerWebMenuAndCheckout.nutritionInfo.additives.tableTopSweetenerXylitol":"Zoetstof op basis van xylitol","consumerWebMenuAndCheckout.nutritionInfo.allergens.a":"Bevat granen en producten daarvan die gluten bevatten","consumerWebMenuAndCheckout.nutritionInfo.allergens.b":"Bevat schaaldieren en producten hiervan","consumerWebMenuAndCheckout.nutritionInfo.allergens.c":"Bevat eieren en producten daarvan","consumerWebMenuAndCheckout.nutritionInfo.allergens.d":"Bevat vis en producten daarvan","consumerWebMenuAndCheckout.nutritionInfo.allergens.e":"Bevat pindaâs en producten daarvan","consumerWebMenuAndCheckout.nutritionInfo.allergens.f":"Bevat sojabonen en producten daarvan","consumerWebMenuAndCheckout.nutritionInfo.allergens.g":"Bevat melk en producten daarvan (inclusief lactose)","consumerWebMenuAndCheckout.nutritionInfo.allergens.h":"Bevat noten en producten daarvan","consumerWebMenuAndCheckout.nutritionInfo.allergens.i":"Met conserveermiddel","consumerWebMenuAndCheckout.nutritionInfo.allergens.j":"Met nitrietpekelzout","consumerWebMenuAndCheckout.nutritionInfo.allergens.k":"Met nitraat","consumerWebMenuAndCheckout.nutritionInfo.allergens.l":"Bevat selderij en producten daarvan","consumerWebMenuAndCheckout.nutritionInfo.allergens.m":"Bevat mosterd en producten daarvan","consumerWebMenuAndCheckout.nutritionInfo.allergens.n":"Bevat sesamzaad en producten daarvan","consumerWebMenuAndCheckout.nutritionInfo.allergens.o":"Bevat zwaveldioxide en sulfieten","consumerWebMenuAndCheckout.nutritionInfo.allergens.p":"Bevat lupine en producten daarvan","consumerWebMenuAndCheckout.nutritionInfo.allergens.q":"Met fosfaat","consumerWebMenuAndCheckout.nutritionInfo.allergens.s":"Sulfieten","consumerWebMenuAndCheckout.nutritionInfo.allergens.new_a":"Bevat granen en producten daarvan die gluten bevatten","consumerWebMenuAndCheckout.nutritionInfo.allergens.new_al":"amandelen","consumerWebMenuAndCheckout.nutritionInfo.allergens.new_b":"Bevat schaaldieren en producten hiervan","consumerWebMenuAndCheckout.nutritionInfo.allergens.new_ba":"gerst","consumerWebMenuAndCheckout.nutritionInfo.allergens.new_br":"paranoten","consumerWebMenuAndCheckout.nutritionInfo.allergens.new_c":"Bevat eieren en producten daarvan","consumerWebMenuAndCheckout.nutritionInfo.allergens.new_ca":"cashewnoten","consumerWebMenuAndCheckout.nutritionInfo.allergens.new_d":"Bevat vis en producten daarvan","consumerWebMenuAndCheckout.nutritionInfo.allergens.new_e":"Bevat pindaâs en producten daarvan","consumerWebMenuAndCheckout.nutritionInfo.allergens.new_f":"Bevat sojabonen en producten daarvan","consumerWebMenuAndCheckout.nutritionInfo.allergens.new_g":"Bevat melk en producten daarvan (inclusief lactose)","consumerWebMenuAndCheckout.nutritionInfo.allergens.new_h":"Bevat noten en producten daarvan","consumerWebMenuAndCheckout.nutritionInfo.allergens.new_ha":"hazelnoten","consumerWebMenuAndCheckout.nutritionInfo.allergens.new_i":"Met conserveermiddel","consumerWebMenuAndCheckout.nutritionInfo.allergens.new_ka":"kamut","consumerWebMenuAndCheckout.nutritionInfo.allergens.new_l":"Bevat selderij en producten daarvan","consumerWebMenuAndCheckout.nutritionInfo.allergens.new_m":"Bevat mosterd en producten daarvan","consumerWebMenuAndCheckout.nutritionInfo.allergens.new_ma":"macadamianoten","consumerWebMenuAndCheckout.nutritionInfo.allergens.new_n":"Bevat sesamzaad en producten daarvan","consumerWebMenuAndCheckout.nutritionInfo.allergens.new_o":"Bevat zwaveldioxide en sulfieten","consumerWebMenuAndCheckout.nutritionInfo.allergens.new_oa":"haver","consumerWebMenuAndCheckout.nutritionInfo.allergens.new_p":"Bevat lupine en producten daarvan","consumerWebMenuAndCheckout.nutritionInfo.allergens.new_pe":"pecannoten","consumerWebMenuAndCheckout.nutritionInfo.allergens.new_pi":"pistachenoten","consumerWebMenuAndCheckout.nutritionInfo.allergens.new_qu":"macadamianoten","consumerWebMenuAndCheckout.nutritionInfo.allergens.new_r":"Bevat weekdieren en producten hiervan","consumerWebMenuAndCheckout.nutritionInfo.allergens.new_ry":"rogge","consumerWebMenuAndCheckout.nutritionInfo.allergens.new_sp":"spelt","consumerWebMenuAndCheckout.nutritionInfo.allergens.new_wa":"walnoten","consumerWebMenuAndCheckout.nutritionInfo.allergens.new_wh":"tarwe","consumerWebMenuAndCheckout.nutritionInfo.allergens.al":"amandelen","consumerWebMenuAndCheckout.nutritionInfo.allergens.ba":"gerst","consumerWebMenuAndCheckout.nutritionInfo.allergens.br":"paranoten","consumerWebMenuAndCheckout.nutritionInfo.allergens.ca":"cashewnoten","consumerWebMenuAndCheckout.nutritionInfo.allergens.ha":"hazelnoten","consumerWebMenuAndCheckout.nutritionInfo.allergens.ka":"kamut","consumerWebMenuAndCheckout.nutritionInfo.allergens.ma":"macadamianoten","consumerWebMenuAndCheckout.nutritionInfo.allergens.oa":"haver","consumerWebMenuAndCheckout.nutritionInfo.allergens.pe":"pecannoten","consumerWebMenuAndCheckout.nutritionInfo.allergens.pi":"pistachio nuts","consumerWebMenuAndCheckout.nutritionInfo.allergens.qu":"macadamianoten","consumerWebMenuAndCheckout.nutritionInfo.allergens.r":"Bevat weekdieren en producten hiervan","consumerWebMenuAndCheckout.nutritionInfo.allergens.ry":"rogge","consumerWebMenuAndCheckout.nutritionInfo.allergens.sp":"spelt","consumerWebMenuAndCheckout.nutritionInfo.allergens.wa":"walnoten","consumerWebMenuAndCheckout.nutritionInfo.allergens.wh":"tarwe","consumerWebMenuAndCheckout.nutritionInfo.allergens.cereal_contains":"Bevat granen en daarvan afgeleide producten die gluten bevatten","consumerWebMenuAndCheckout.nutritionInfo.allergens.celery_contains":"Bevat selderij en daarvan afgeleide producten","consumerWebMenuAndCheckout.nutritionInfo.allergens.celery_mayContain":"Kan selderij en daarvan afgeleide producten bevatten","consumerWebMenuAndCheckout.nutritionInfo.allergens.crustacean_contains":"Bevat garnalen en daarvan afgeleide producten","consumerWebMenuAndCheckout.nutritionInfo.allergens.crustacean_mayContain":"Kan garnalen en daarvan afgeleide producten bevatten","consumerWebMenuAndCheckout.nutritionInfo.allergens.egg_contains":"Bevat eieren en daarvan afgeleide producten","consumerWebMenuAndCheckout.nutritionInfo.allergens.egg_mayContain":"Kan eieren en daarvan afgeleide producten bevatten","consumerWebMenuAndCheckout.nutritionInfo.allergens.fish_contains":"Bevat vis en daarvan afgeleide producten","consumerWebMenuAndCheckout.nutritionInfo.allergens.fish_mayContain":"Kan vis en daarvan afgeleide producten bevatten","consumerWebMenuAndCheckout.nutritionInfo.allergens.glutenCereal_contains":"Bevat granen en daarvan afgeleide producten die gluten bevatten","consumerWebMenuAndCheckout.nutritionInfo.allergens.glutenCereal_mayContain":"Kan granen bevatten en daarvan afgeleide producten die gluten bevatten","consumerWebMenuAndCheckout.nutritionInfo.allergens.lupin_contains":"Bevat lupine en daarvan afgeleide producten","consumerWebMenuAndCheckout.nutritionInfo.allergens.lupin_mayContain":"Kan lupine en daarvan afgeleide producten bevatten","consumerWebMenuAndCheckout.nutritionInfo.allergens.milkLactose_contains":"Bevat melk en daarvan afgeleide producten (inclusief lactose)","consumerWebMenuAndCheckout.nutritionInfo.allergens.milkLactose_mayContain":"Kan melk en daarvan afgeleide producten (inclusief lactose) bevatten","consumerWebMenuAndCheckout.nutritionInfo.allergens.mollusc_contains":"Bevat weekdieren en daarvan afgeleide producten","consumerWebMenuAndCheckout.nutritionInfo.allergens.mollusc_mayContain":"Kan weekdieren en daarvan afgeleide producten bevatten","consumerWebMenuAndCheckout.nutritionInfo.allergens.mustard_contains":"Bevat mosterd en daarvan afgeleide producten","consumerWebMenuAndCheckout.nutritionInfo.allergens.mustard_mayContain":"Kan mosterd en daarvan afgeleide producten bevatten","consumerWebMenuAndCheckout.nutritionInfo.allergens.peanut_contains":"Bevat pinda's en daarvan afgeleide producten","consumerWebMenuAndCheckout.nutritionInfo.allergens.peanut_mayContain":"Kan pinda's en daarvan afgeleide producten bevatten","consumerWebMenuAndCheckout.nutritionInfo.allergens.sesame_contains":"Bevat sesamzaad en daarvan afgeleide producten","consumerWebMenuAndCheckout.nutritionInfo.allergens.sesame_mayContain":"Kan sesamzaad en daarvan afgeleide producten bevatten","consumerWebMenuAndCheckout.nutritionInfo.allergens.soybean_contains":"Bevat sojabonen en daarvan afgeleide producten","consumerWebMenuAndCheckout.nutritionInfo.allergens.soybean_mayContain":"Kan sojabonen en daarvan afgeleide producten bevatten","consumerWebMenuAndCheckout.nutritionInfo.allergens.subtype_almond":"amandelen","consumerWebMenuAndCheckout.nutritionInfo.allergens.subtype_barley":"gerst","consumerWebMenuAndCheckout.nutritionInfo.allergens.subtype_brazilNut":"paranoten","consumerWebMenuAndCheckout.nutritionInfo.allergens.subtype_cashew":"cashewnoten","consumerWebMenuAndCheckout.nutritionInfo.allergens.subtype_hazelnut":"hazelnoten","consumerWebMenuAndCheckout.nutritionInfo.allergens.subtype_kamut":"kamut","consumerWebMenuAndCheckout.nutritionInfo.allergens.subtype_macadamia":"macadamianoten","consumerWebMenuAndCheckout.nutritionInfo.allergens.subtype_oat":"haver","consumerWebMenuAndCheckout.nutritionInfo.allergens.subtype_pecan":"pecannoten","consumerWebMenuAndCheckout.nutritionInfo.allergens.subtype_pistachio":"pistachenoten","consumerWebMenuAndCheckout.nutritionInfo.allergens.subtype_rye":"rogge","consumerWebMenuAndCheckout.nutritionInfo.allergens.subtype_spelt":"spelt","consumerWebMenuAndCheckout.nutritionInfo.allergens.subtype_walnut":"walnoten","consumerWebMenuAndCheckout.nutritionInfo.allergens.subtype_wheat":"tarwe","consumerWebMenuAndCheckout.nutritionInfo.allergens.sulphurDioxideSulphites_contains":"Bevat zwaveldioxide en sulfieten","consumerWebMenuAndCheckout.nutritionInfo.allergens.sulphurDioxideSulphites_mayContain":"Kan zwaveldioxide en sulfieten bevatten","consumerWebMenuAndCheckout.nutritionInfo.allergens.treeNut_contains":"Bevat noten en daarvan afgeleide producten","consumerWebMenuAndCheckout.nutritionInfo.allergens.treeNut_mayContain":"Kan noten en daarvan afgeleide producten bevatten","consumerWebMenuAndCheckout.nutritionInfo.nutritionInfoIcon.toggle":"Meer productinformatie","consumerWebMenuAndCheckout.nutritionInfo.nutritionInfoIcon.allergenInfo":"Allergen info","consumerWebMenuAndCheckout.nutritionInfo.nutritionInfoText.toggle":"Product informatie","consumerWebMenuAndCheckout.nutritionInfo.buttons.close":"Sluit","consumerWebMenuAndCheckout.nutritionInfo.buttons.openItemPage":"Open de pagina van het item","consumerWebMenuAndCheckout.nutritionInfo.allergenInfoIcon.toggle":"Allergen info","consumerWebMenuAndCheckout.nutritionInfo.links.customerServiceFoodInfoUrl":"klantenservice/contact-ons?reason=Eten+en+veiligheidsissues\u0026category=default","consumerWebMenuAndCheckout.hygieneRating.infoModal.title":"Smiley-rapporten","consumerWebMenuAndCheckout.pages.menu.title":"{restaurantName} {city} - Online bestellen | {siteName}","consumerWebMenuAndCheckout.pages.menu.chainRestaurantTitle":"{restaurantName} {street} - Online bestellen | {siteName}","consumerWebMenuAndCheckout.pages.menu.description":"Bestel online bij {restaurantName} in {city} via {siteName}. Food TrackerÂ® en diverse betaalmogelijkheden. Snel en gemakkelijk thuisbezorgd bij jou!","consumerWebMenuAndCheckout.pages.menu.chainRestaurantDescription":"Bestel online bij {restaurantName} {street} via {siteName}. Food TrackerÂ® en diverse betaalmogelijkheden. Snel en gemakkelijk thuisbezorgd bij jou!","consumerWebMenuAndCheckout.pages.menu.checkoutHeader":"Afrekenen","consumerWebMenuAndCheckout.pages.menu.menuHeader":"Menu","consumerWebMenuAndCheckout.pages.menu.groceryHeader":"Boodschappen","consumerWebMenuAndCheckout.pages.menu.title_ie":"{restaurantName} restaurant menu in {city} - Order from {siteName}","consumerWebMenuAndCheckout.pages.menu.description_ie":"View the full menu from {restaurantName} in {city} {postalCode} and place your order online. Wide selection of {primaryCuisine} food to have delivered to your door.","consumerWebMenuAndCheckout.pages.menu.title_gb":"{restaurantName} restaurant menu in {city} - Order from {siteName}","consumerWebMenuAndCheckout.pages.menu.shopHeader":"Winkel","consumerWebMenuAndCheckout.pages.menu.title_es":"{restaurantName} menu in {city} - Order from {siteName}","consumerWebMenuAndCheckout.pages.menu.description_es":"View the full menu from {restaurantName} in {city} {postalCode} and place your order online. Wide selection of {primaryCuisine} to have delivered to your door.","consumerWebMenuAndCheckout.pages.menu.title_it":"{restaurantName} restaurant menu in {city} - Order from {siteName}","consumerWebMenuAndCheckout.pages.menu.description_gb":"View the full menu from {restaurantName} in {city} {postalCode} and place your order online. Wide selection of {primaryCuisine} to have delivered to your door.","consumerWebMenuAndCheckout.pages.menu.restaurant_description_es":"Explore the full menu for {restaurantName} in {postalCode}, {city}. Check prices and place your order quickly, conveniently and safely at Just Eat.","consumerWebMenuAndCheckout.pages.menu.grocery_description_es":"Explore {restaurantName} products in {city}, check prices and make your online purchases quickly, conveniently and safely at Just Eat.","consumerWebMenuAndCheckout.pages.menu.restaurant_title_es":"{restaurantName} menu delivery in {city} | Order at {siteName}","consumerWebMenuAndCheckout.pages.menu.grocery_title_es":"{restaurantName} menu delivery in {city} | Order at {siteName}","consumerWebMenuAndCheckout.pages.menu.title_au":"{restaurantName} restaurant menu in {city} - Order from {siteName}","consumerWebMenuAndCheckout.pages.menu.description_au":"View the full menu from {restaurantName} in {city} {postalCode} and place your order online. Wide selection of {primaryCuisine} food to have delivered to your door.","consumerWebMenuAndCheckout.pages.menu.restaurant_title_it":"{restaurantName} menu delivery in {city} | Order at Just Eat","consumerWebMenuAndCheckout.pages.menu.restaurant_description_it":"Explore the full menu for {restaurantName} in {postalCode}, {city}. Check prices and place your order quickly, conveniently and safely at Just Eat.","consumerWebMenuAndCheckout.pages.menu.grocery_title_it":"{restaurantName} menu delivery in {city} | Order at Just Eat","consumerWebMenuAndCheckout.pages.menu.grocery_description_it":"Explore {restaurantName} products in {city}, check prices and make your online purchases quickly, conveniently and safely at Just Eat.","consumerWebMenuAndCheckout.pages.menu.description_it":"Explore the full menu for {restaurantName} in {postalCode}, {city}. Check prices and place your order quickly, conveniently and safely at Just Eat.","consumerWebMenuAndCheckout.pages.menu.title_de":"{restaurantName} {city} - Online bestellen | {siteName}","consumerWebMenuAndCheckout.pages.menu.title_at":"{restaurantName} {city} - Online bestellen | {siteName}","consumerWebMenuAndCheckout.pages.menu.title_bg":"{restaurantName} {city} - Online bestellen | {siteName}","consumerWebMenuAndCheckout.pages.menu.title_nl":"{restaurantName} {city} - Online bestellen | {siteName}","consumerWebMenuAndCheckout.pages.menu.title_dk":"{restaurantName} {city} - Online bestellen | {siteName}","consumerWebMenuAndCheckout.pages.menu.title_lu":"{restaurantName} {city} - Online bestellen | {siteName}","consumerWebMenuAndCheckout.pages.menu.title_ch":"{restaurantName} {city} - Online bestellen | {siteName}","consumerWebMenuAndCheckout.pages.menu.title_be":"{restaurantName} {city} - Online bestellen | {siteName}","consumerWebMenuAndCheckout.pages.menu.title_pl":"{restaurantName} {city} - Online bestellen | {siteName}","consumerWebMenuAndCheckout.pages.menu.description_at":"Bestel online bij {restaurantName} in {city} via {siteName}. Food TrackerÂ® en diverse betaalmogelijkheden. Snel en gemakkelijk thuisbezorgd bij jou!","consumerWebMenuAndCheckout.pages.menu.description_de":"Bestel online bij {restaurantName} in {city} via {siteName}. Food TrackerÂ® en diverse betaalmogelijkheden. Snel en gemakkelijk thuisbezorgd bij jou!","consumerWebMenuAndCheckout.pages.menu.description_nl":"Bestel online bij {restaurantName} in {city} via {siteName}. Food TrackerÂ® en diverse betaalmogelijkheden. Snel en gemakkelijk thuisbezorgd bij jou!","consumerWebMenuAndCheckout.pages.menu.description_dk":"Bestel online bij {restaurantName} in {city} via {siteName}. Food TrackerÂ® en diverse betaalmogelijkheden. Snel en gemakkelijk thuisbezorgd bij jou!","consumerWebMenuAndCheckout.pages.menu.description_lu":"Bestel online bij {restaurantName} in {city} via {siteName}. Food TrackerÂ® en diverse betaalmogelijkheden. Snel en gemakkelijk thuisbezorgd bij jou!","consumerWebMenuAndCheckout.pages.menu.description_ch":"Bestel online bij {restaurantName} in {city} via {siteName}. Food TrackerÂ® en diverse betaalmogelijkheden. Snel en gemakkelijk thuisbezorgd bij jou!","consumerWebMenuAndCheckout.pages.menu.description_be":"Bestel online bij {restaurantName} in {city} via {siteName}. Food TrackerÂ® en diverse betaalmogelijkheden. Snel en gemakkelijk thuisbezorgd bij jou!","consumerWebMenuAndCheckout.pages.menu.description_bg":"Bestel online bij {restaurantName} in {city} via {siteName}. Food TrackerÂ® en diverse betaalmogelijkheden. Snel en gemakkelijk thuisbezorgd bij jou!","consumerWebMenuAndCheckout.pages.menu.description_pl":"Bestel online bij {restaurantName} in {city} via {siteName}. Food TrackerÂ® en diverse betaalmogelijkheden. Snel en gemakkelijk thuisbezorgd bij jou!","consumerWebMenuAndCheckout.pages.menu.grocery_description_at":"Bestel online bij {restaurantName} in {city} via {siteName}. Food TrackerÂ® en diverse betaalmogelijkheden. Snel en gemakkelijk thuisbezorgd bij jou!","consumerWebMenuAndCheckout.pages.menu.grocery_description_de":"Bestel online bij {restaurantName} in {city} via {siteName}. Food TrackerÂ® en diverse betaalmogelijkheden. Snel en gemakkelijk thuisbezorgd bij jou!","consumerWebMenuAndCheckout.pages.menu.grocery_title_at":"{restaurantName} {city} - Online bestellen | {siteName}","consumerWebMenuAndCheckout.pages.menu.grocery_title_de":"{restaurantName} {city} - Online bestellen | {siteName}","consumerWebMenuAndCheckout.pages.menu.title_sk":"{restaurantName} {city} - Online bestellen | {siteName}","consumerWebMenuAndCheckout.pages.reviews.overallScore":"Gemiddelde beoordeling","consumerWebMenuAndCheckout.pages.reviews.averageReview":"op basis van {rating} beoordelingen","consumerWebMenuAndCheckout.pages.reviews.reviewInformation":"Alle beoordelingen zijn van {brandName} klanten die besteld hebben bij {restaurantName}. \r\n\r\n{learnMore}","consumerWebMenuAndCheckout.pages.reviews.reviewFaqLink":"Ontdek meer","consumerWebMenuAndCheckout.pages.paymentStatus.title":"Payment status","consumerWebMenuAndCheckout.pages.pharmacy.verifiedBusiness":"Medicijnen online","consumerWebMenuAndCheckout.pages.pharmacy.pharmaceuticalBusinessInfo":"Klik hier voor meer informatie over online geneesmiddelen.","consumerWebMenuAndCheckout.pages.pharmacy.pharmacyLicenseLogoAltText":"Logo tonen met link om te verifiÃ«ren dat de apotheek legaal werkt.","consumerWebMenuAndCheckout.shippingType.types.delivery":"bezorgen","consumerWebMenuAndCheckout.shippingType.types.pickup":"afhalen","consumerWebMenuAndCheckout.shippingType.types.capitalizedDelivery":"Bezorgen","consumerWebMenuAndCheckout.shippingType.types.capitalizedPickup":"Afhalen","consumerWebMenuAndCheckout.shippingType.types.unavailableLabel":"Niet beschikbaar","consumerWebMenuAndCheckout.shippingType.types.defaultPickupTime":"15 min","consumerWebMenuAndCheckout.shippingType.types.preorderTime":"vanaf {time}","consumerWebMenuAndCheckout.shippingType.types.shippingTypeDuration":"{duration} min","consumerWebMenuAndCheckout.shippingType.types.capitalizedCollection":"Afhalen","consumerWebMenuAndCheckout.shippingType.types.defaultCollectionTime":"15 min","consumerWebMenuAndCheckout.notification.texts.technicalDifficulties":"Helaas zijn er op dit moment technische problemen. Het is op dit moment niet mogelijk om bij dit restaurant te bestellen. Probeer het later opnieuw.","consumerWebMenuAndCheckout.campaigns.orderAndWin__item__mobile.registered__body":"Hou je e-mail in de gaten â na elke maaltijd nodigen we je uit om mee te spelen.","consumerWebMenuAndCheckout.campaigns.orderAndWin__item__mobile.guest__body":"Ik wil UEFA-tickets winnen en toekomstige updates en kortingen ontvangen.","consumerWebMenuAndCheckout.campaigns.orderAndWin__item__desktop.registered__body":"Hou je e-mail in de gaten â na elke maaltijd nodigen we je uit om mee te spelen.","consumerWebMenuAndCheckout.campaigns.orderAndWin__item__desktop.guest__body":"Ik wil UEFA-tickets winnen en toekomstige updates en kortingen ontvangen.","consumerWebMenuAndCheckout.campaigns.treatmas__item__desktop.guest__body":"Ik wil graag cadeautjes, {brand} nieuws en kortingen ontvangen.","consumerWebMenuAndCheckout.campaigns.treatmas__item__desktop.registered__body":"Hou je e-mail in de gaten. Terwijl jij van je maaltijd geniet, sturen wij een verrassing naar je toe.","consumerWebMenuAndCheckout.campaigns.treatmas__item__mobile.guest__body":"Ik wil graag cadeautjes, {brand} nieuws en kortingen ontvangen.","consumerWebMenuAndCheckout.campaigns.treatmas__item__mobile.registered__body":"Hou je e-mail in de gaten. Terwijl jij van je maaltijd geniet, sturen wij een verrassing naar je toe.","consumerWebMenuAndCheckout.basket.crossSell.from":"from","consumerWebMenuAndCheckout.basket.error.header":"Something went wrong","consumerWebMenuAndCheckout.basket.error.body":"There was a problem saving your changes, sorry. Please try again.","consumerWebMenuAndCheckout.basket.error.button":"Try again","consumerWebMenuAndCheckout.basket.error.backButton":"Back to restaurants","consumerWebMenuAndCheckout.basket.schoolDeliveryInfo.title":"No deliveries to schools\r\n","consumerWebMenuAndCheckout.basket.schoolDeliveryInfo.questionBody":"Ordering to a school? Itâs McDonaldâs policy not to deliver to schools; your order will be cancelled and may not be refunded.","consumerWebMenuAndCheckout.basket.schoolDeliveryInfo.contaminationTitle":"Contamination during delivery","consumerWebMenuAndCheckout.basket.schoolDeliveryInfo.contaminationBody":"There's no guarantee that your food won't come into contact with nuts or other allergens while being delivered.","consumerWebMenuAndCheckout.basket.schoolDeliveryInfo.backButton":"Go back","consumerWebMenuAndCheckout.basket.schoolDeliveryInfo.continueWithOrder":"Continue with order","consumerWebMenuAndCheckout.basket.depositInfo.title":"Deposit","consumerWebMenuAndCheckout.basket.depositInfo.content":"When you buy a drink in a plastic bottle, aluminium or steel can that features the Re-turn logo, you pay a small refundable deposit in addition to the price of the drink. Find out more at the {link}.","consumerWebMenuAndCheckout.basket.depositInfo.genericContent":"Als je drankjes met wegwerp- of recyclebare verpakking koopt, betaal je statiegeld. Je krijgt het statiegeld terug wanneer je de verpakking naar het flessenapparaat brengt dat in de meeste supermarkten te vinden is.","consumerWebMenuAndCheckout.basket.depositInfo.contentIE":"Wanneer je een drankje koopt in een plastic flesje, aluminium of metalen blikje met het Re-Turn-logo, betaal je een klein bedrag aan statiegeld bovenop de prijs van het drankje. Lees meer op de website van {link}.","consumerWebMenuAndCheckout.basket.depositInfo.contentDE":"Als je drankjes met wegwerp- of recyclebare verpakking koopt, betaal je statiegeld. Je krijgt het statiegeld terug wanneer je de verpakking naar het flessenapparaat brengt dat in de meeste supermarkten te vinden is.","consumerWebMenuAndCheckout.basket.depositInfo.contentNL":"Als je drankjes met wegwerp- of recyclebare verpakking koopt, betaal je statiegeld. Je krijgt het statiegeld terug wanneer je de verpakking naar het flessenapparaat brengt dat in de meeste supermarkten te vinden is.","consumerWebMenuAndCheckout.basket.movBanner.addMore":"Add  {value} to get it delivered","consumerWebMenuAndCheckout.basket.movBanner.movReached":"Nice! You can get this delivered","consumerWebMenuAndCheckout.basket.crossSellModal.heading":"Ben je het vergeten?","consumerWebMenuAndCheckout.basket.crossSellModal.continueButton":"Doorgaan","consumerWebMenuAndCheckout.basket.crossSellModal.backToBasketButton":"Terug naar de mand","consumerWebMenuAndCheckout.basket.crossSellModal.contentLabel":"Ben je het vergeten?","consumerWebMenuAndCheckout.basket.crossSellModal.backToGroupOrderButton":"Terug naar de groepsbestelling","consumerWebMenuAndCheckout.basket.restrictedItemsInfoModal.agreeAndContinueButton":"Akkoord en doorgaan","consumerWebMenuAndCheckout.basket.restrictedItemsInfoModal.heading":"Bestelling heeft ID details nodig","consumerWebMenuAndCheckout.basket.restrictedItemsInfoModal.modalContent":"Als de bezorger komt, wordt je om een geldig ID gevraagd.","consumerWebMenuAndCheckout.basket.restrictedItemsInfoModal.requirementFirstInfo":"Ben je ten minste {age} jaar oud","consumerWebMenuAndCheckout.basket.restrictedItemsInfoModal.requirementFourthInfo":"Ben je nuchter","consumerWebMenuAndCheckout.basket.restrictedItemsInfoModal.requirementSecondInfo":"Heb je een geldig ID bij de hand","consumerWebMenuAndCheckout.basket.restrictedItemsInfoModal.requirementThirdInfo":"Neem je de bestelling persoonlijk aan","consumerWebMenuAndCheckout.basket.restrictedItemsInfoModal.subheading":"Om je bestelling in ontvangst te kunnen nemen:","consumerWebMenuAndCheckout.basket.restrictedItemsInfoModal.groupOrderInitiatorInfo":"Door de bestelling te plaatsen, bevestig je dat alle ontvangers van alcohol 18 jaar of ouder zijn en niet onder invloed zijn","consumerWebMenuAndCheckout.basket.restrictedItemsInfoModal.groupOrderParticipantInfo":"Zorg er, om de bestelling in ontvangst te nemen, ook voor dat jij en {initiatorName} niet onder invloed zijn","consumerWebMenuAndCheckout.basket.restrictedItemsInfoModal.requirementFourthInfoParticipant":"Jij en {initiatorName} zijn niet onder invloed","consumerWebMenuAndCheckout.basket.restrictedItemsInfoModal.groupOrderParticipantNeedsId":"Als de bezorger komt, wordt {initiatorName} om een geldig ID gevraagd","consumerWebMenuAndCheckout.basket.restrictedItemsInfoModal.closeModalAriaLabel":"Gebruik jouw ID details om een bestelling te plaatsen","consumerWebMenuAndCheckout.basket.newRestrictedItemsInfoModal.cancelButton":"Nee, terug naar winkelmandje","consumerWebMenuAndCheckout.basket.newRestrictedItemsInfoModal.confirmButton":"Ja, ik ben {age} of ouder","consumerWebMenuAndCheckout.basket.newRestrictedItemsInfoModal.heading":"Ben je {age} jaar of ouder?","consumerWebMenuAndCheckout.basket.newRestrictedItemsInfoModal.requirementFirstInfo":"Heb je een geldig ID bij de hand","consumerWebMenuAndCheckout.basket.newRestrictedItemsInfoModal.requirementSecondInfo":"Neem je de bestelling persoonlijk aan","consumerWebMenuAndCheckout.basket.newRestrictedItemsInfoModal.requirementThirdInfo":"Dat je verantwoord drinkt","consumerWebMenuAndCheckout.basket.newRestrictedItemsInfoModal.subheading":"Om uw bestelling te ontvangen, moet u er bovendien voor zorgen dat:","consumerWebMenuAndCheckout.basket.newRestrictedItemsInfoModal.termsOfServiceAlert":"Alcoholgebruik is schadelijk voor de gezondheid.","consumerWebMenuAndCheckout.basket.newRestrictedItemsInfoModal.termsOfServiceDisclaimer":"If you do not collect your products at the Restaurant or Store yourself, you hereby authorise a courier to collect the alcoholic beverage products on your behalf at the Restaurant or Store and to deliver them to you. Please refer to clause [7.8] of the {learnMore} for more information.","consumerWebMenuAndCheckout.basket.newRestrictedItemsInfoModal.termsOfServiceLink":"algemene voorwaarden","consumerWebMenuAndCheckout.basket.newRestrictedItemsInfoModal.groupOrderInitiatorInfo":"Door de bestelling te plaatsen, bevestig je dat alle ontvangers van alcohol 18 jaar of ouder zijn","consumerWebMenuAndCheckout.basket.newRestrictedItemsInfoModal.groupOrderParticipantInfo":"Zorg er verder voor dat jullie, inclusief {initiatorName}, verantwoord en met mate drinken","consumerWebMenuAndCheckout.basket.newRestrictedItemsInfoModal.closeModalAriaLabel":"Annuleer ben je 18 jaar of ouder?","consumerWebMenuAndCheckout.basket.stickyButton.itemAmountPlural":"{value} producten","consumerWebMenuAndCheckout.basket.stickyButton.itemAmountSingle":"EÃ©n product","consumerWebMenuAndCheckout.basket.addNotesNotificationTooltip.text":"*NEW* Tap to edit or add a note","consumerWebMenuAndCheckout.basket.offer.Bogof":"Twee halen, Ã©Ã©n betalen","consumerWebMenuAndCheckout.basket.offer.FreeItem":"Aanbieding gratis product","consumerWebMenuAndCheckout.basket.offer.ItemLevelDiscount":"Exclusieve aanbieding","consumerWebMenuAndCheckout.basket.offer.BogofMixMatch":"Twee halen, Ã©Ã©n betalen","consumerWebMenuAndCheckout.basketErrors.BasketNotFound.backButton":"Back to restaurants","consumerWebMenuAndCheckout.basketErrors.BasketNotFound.body":"There was a problem saving your changes, sorry. Please try again.","consumerWebMenuAndCheckout.basketErrors.BasketNotFound.button":"Try again","consumerWebMenuAndCheckout.basketErrors.BasketNotFound.header":"Something went wrong","consumerWebMenuAndCheckout.basketErrors.refreshMenu.body":"Any unavailable items you order may be removed from your basket. Refresh to check out what's new.","consumerWebMenuAndCheckout.basketErrors.refreshMenu.button":"Refresh","consumerWebMenuAndCheckout.basketErrors.refreshMenu.header":"This page has been updated","consumerWebMenuAndCheckout.basketErrors.offlineItems.header":"Sommige items in je bestelling zijn niet meer verkrijgbaar","consumerWebMenuAndCheckout.basketErrors.offlineItems.body":"Bekijk het menu opnieuw en kies iets anders.","consumerWebMenuAndCheckout.basketErrors.offlineItems.button":"Ok","consumerWebMenuAndCheckout.basketErrors.maxBasketSize.body":"You can't add any more, sorry.","consumerWebMenuAndCheckout.basketErrors.maxBasketSize.header":"Max items added to basket","consumerWebMenuAndCheckout.basketErrors.maxBasketSize.button":"Alright then","consumerWebMenuAndCheckout.basketErrors.maxQuantityRestriction.body":"Je hebt de maximale limiet voor dit\r\n soort product bereikt.","consumerWebMenuAndCheckout.basketErrors.maxQuantityRestriction.button":"OK","consumerWebMenuAndCheckout.basketErrors.maxQuantityRestriction.header":"Error","consumerWebMenuAndCheckout.fsaBadge.infoModal.heading":"Food hygiene rating","consumerWebMenuAndCheckout.fsaBadge.infoModal.description":"Rating by the Food Standards Agency and your local authority. This rating may have changed.","consumerWebMenuAndCheckout.fsaBadge.infoModal.linkText":"For more information","consumerWebMenuAndCheckout.fsaBadge.infoModal.lastInspectionText":"Last inspection","consumerWebMenuAndCheckout.fsaBadge.infoModal.fallBackText":"See this restaurant's food hygiene rating at","consumerWebMenuAndCheckout.jetPay.allowance.label":"{amount} allowance","consumerWebMenuAndCheckout.jetPay.title.label":"JET Pay","consumerWebMenuAndCheckout.groupOrder.createModal.heading":"Samen sta je sterk!","consumerWebMenuAndCheckout.groupOrder.createModal.addItemsButton":"Voeg producten toe aan winkelmandje","consumerWebMenuAndCheckout.groupOrder.createModal.shareButton":"Nodig mensen uit","consumerWebMenuAndCheckout.groupOrder.createModal.learnMoreLinkText":"Lees meer","consumerWebMenuAndCheckout.groupOrder.createModal.learnMoreAppendage":" over samen bestellen","consumerWebMenuAndCheckout.groupOrder.createModal.shareText":"Deel een link met je vrienden en collega's zodat jullie samen vanaf dezelfde locatie kunnen bestellen.","consumerWebMenuAndCheckout.groupOrder.createModal.waitText":"Iedereen kiest wat ze willen en voegt dat toe aan het winkelmandje.","consumerWebMenuAndCheckout.groupOrder.createModal.payText":"Je kunt dan voor de hele groep afrekenen.","consumerWebMenuAndCheckout.groupOrder.createModal.closeButtonAriaLabel":"Sluiten","consumerWebMenuAndCheckout.groupOrder.createModal.payImageAltText":"Betalen","consumerWebMenuAndCheckout.groupOrder.createModal.shareImageAltText":"Delen","consumerWebMenuAndCheckout.groupOrder.createModal.waitImageAltText":"Wachten","consumerWebMenuAndCheckout.groupOrder.createModal.mainImageAltText":"Vieren","consumerWebMenuAndCheckout.groupOrder.createModal.contentLabel":"Maak een groepsbestelling","consumerWebMenuAndCheckout.groupOrder.createModal.closeModalAriaLabel":"Sluiten van groepsbestelling aanmaken","consumerWebMenuAndCheckout.groupOrder.basket.groupName":"{groupName}'s groepsbestelling","consumerWebMenuAndCheckout.groupOrder.basket.oneParticipantCompletedOrder":"1 persoon heeft een bestelling voltooid","consumerWebMenuAndCheckout.groupOrder.basket.numberOfParticipantsCompletedOrder":"{numberOfParticipantsCompletedOrder} personen hebben hun bestelling voltooid","consumerWebMenuAndCheckout.groupOrder.basket.submitParticipant":"Bevestig bestelling","consumerWebMenuAndCheckout.groupOrder.basket.submitInitiator":"Afrekenen","consumerWebMenuAndCheckout.groupOrder.basket.removeBasketButtonText":"Verwijder alle producten toegevoegd door {userName}","consumerWebMenuAndCheckout.groupOrder.basket.youText":"{userName} (Jij)","consumerWebMenuAndCheckout.groupOrder.basket.participantJoinedText":"Uitnodiging geaccepteerd, bestelling nog niet voltooid","consumerWebMenuAndCheckout.groupOrder.basket.participantSummaryText":"Voltooi je bestelling om deze items aan de groepsbestelling toe te voegen. Er is geen betaling nodig, ze worden betaald wanneer de bestelling geplaatst wordt.","consumerWebMenuAndCheckout.groupOrder.basket.basketButton":"Winkelmandje ({subtotal})","consumerWebMenuAndCheckout.groupOrder.basket.subtotal":"Subtotaal","consumerWebMenuAndCheckout.groupOrder.basket.noParticipantsCompletedOrder":"Nog geen deelnemers","consumerWebMenuAndCheckout.groupOrder.basket.participantSummary":"Zodra je jouw producten hebt bevestigd, kan {initiatorName}  ze zien en voor de groep betalen.","consumerWebMenuAndCheckout.groupOrder.basket.basketEmptyButton":"Winkelmandje","consumerWebMenuAndCheckout.groupOrder.basket.participantBasketButton":"Ga naar winkelmand","consumerWebMenuAndCheckout.groupOrder.basket.total":"Totaal","consumerWebMenuAndCheckout.groupOrder.basket.sharedBalance":"Gedeeld saldo","consumerWebMenuAndCheckout.groupOrder.learnMoreModal.heading":"Samen bestellen in een handomdraai","consumerWebMenuAndCheckout.groupOrder.learnMoreModal.mainImageAltText":"Vieren","consumerWebMenuAndCheckout.groupOrder.learnMoreModal.confirmButton":"OkÃ©","consumerWebMenuAndCheckout.groupOrder.learnMoreModal.body":"Maak je eigen groepsbestelling aan en nodig mensen uit om mee te doen. Je kunt ook via een link meedoen met de groepsbestelling van iemand anders. \r\n\r\n\r\nAls jij de groepsbestelling hebt aangemaakt, kun je het winkelmandje bekijken en voor de hele groep betalen. \r\n\r\n\r\nJe groepsbestelling wordt net als een normale bestelling bezorgd.","consumerWebMenuAndCheckout.groupOrder.learnMoreModal.contentLabel":"Leer meer over groepsbestellingen","consumerWebMenuAndCheckout.groupOrder.learnMoreModal.closeModalAriaLabel":"Sluit \"Leer meer\"","consumerWebMenuAndCheckout.groupOrder.expiredModal.header":"Deze groepsbestelling is niet meer beschikbaar","consumerWebMenuAndCheckout.groupOrder.expiredModal.body":"Kies een andere locatie om een nieuwe bestelling aan te maken.","consumerWebMenuAndCheckout.groupOrder.expiredModal.confirmButton":"Maak nieuwe bestelling aan","consumerWebMenuAndCheckout.groupOrder.expiredModal.contentLabel":"Groepsbestelling niet meer beschikbaar","consumerWebMenuAndCheckout.groupOrder.expiredModal.closeModalAriaLabel":"Sluit, groepsbestelling niet meer beschikbaar","consumerWebMenuAndCheckout.groupOrder.checkoutConfirmationModal.imageAltText":"Vrouw met een megafoon en een Just Eat Takeaway-tas","consumerWebMenuAndCheckout.groupOrder.checkoutConfirmationModal.heading":"Heeft iedereen de items die ze willen toegevoegd?","consumerWebMenuAndCheckout.groupOrder.checkoutConfirmationModal.body":"Controleer voor het afrekenen of iedereen heeft toegevoegd wat ze willen en hun bestellingen hebben voltooid. Hierna kun je de groepsbestelling niet meer aanpassen.","consumerWebMenuAndCheckout.groupOrder.checkoutConfirmationModal.continueButton":"Bevestigen en doorgaan","consumerWebMenuAndCheckout.groupOrder.checkoutConfirmationModal.backButton":"Terug naar groepsbestelling","consumerWebMenuAndCheckout.groupOrder.checkoutConfirmationModal.contentLabel":"Bevestiging van groepsbestelling afrekenen","consumerWebMenuAndCheckout.groupOrder.checkoutConfirmationModal.closeModalAriaLabel":"Sluit bevestiging van groepsbestelling afrekenen","consumerWebMenuAndCheckout.groupOrder.checkoutConfirmationModal.ageRestrictionHeading":"Bestelling bevat een artikel met leeftijdsrestrictie","consumerWebMenuAndCheckout.groupOrder.checkoutConfirmationModal.ageRestrictionCopy":"Bevestig dat de koper en de ontvanger van alle artikelen met leeftijdsrestrictie 18+ zijn. De Bezorger kan om een identiteitsbewijs vragen. Als de naam op je bestelling niet overeenkomt met je identiteitsbewijs of als je niet nuchter lijkt, ontvang je je bestelling niet.","consumerWebMenuAndCheckout.groupOrder.inviteModal.heading":"Je uitnodigingslink voor de bestelling","consumerWebMenuAndCheckout.groupOrder.inviteModal.body":"Kopieer deze link en deel deze in je favoriete berichten-app.","consumerWebMenuAndCheckout.groupOrder.inviteModal.copyButtonDefault":"KopiÃ«ren","consumerWebMenuAndCheckout.groupOrder.inviteModal.copyButtonPressed":"Gekopieerd","consumerWebMenuAndCheckout.groupOrder.inviteModal.confirmButton":"Voeg items toe","consumerWebMenuAndCheckout.groupOrder.inviteModal.contentLabel":"Nodig uit voor groepsbestelling","consumerWebMenuAndCheckout.groupOrder.inviteModal.closeModalAriaLabel":"Sluit uitnodiging voor groepsbestelling","consumerWebMenuAndCheckout.groupOrder.inviteModal.copiedToastNotification":"Uitnodigingslink gekopieerd naar klembord","consumerWebMenuAndCheckout.groupOrder.joinModal.closeButtonAriaLabel":"Sluiten-knop","consumerWebMenuAndCheckout.groupOrder.joinModal.mainImageAltText":"Twee mensen die op het punt staan om elkaar een high five te geven ter viering","consumerWebMenuAndCheckout.groupOrder.joinModal.heading":"Samen sta je sterk!","consumerWebMenuAndCheckout.groupOrder.joinModal.learnMoreLinkText":"Lees meer","consumerWebMenuAndCheckout.groupOrder.joinModal.learnMoreAppendage":" over samen bestellen","consumerWebMenuAndCheckout.groupOrder.joinModal.restaurantImageAltText":"Logo van restaurant {restaurantName}","consumerWebMenuAndCheckout.groupOrder.joinModal.restaurantText":"Deze bestelling is voor:","consumerWebMenuAndCheckout.groupOrder.joinModal.waitImageAltText":"Tekeningen van een menu","consumerWebMenuAndCheckout.groupOrder.joinModal.waitText":"Kies wat je wil en voeg het toe aan het winkelmandje.","consumerWebMenuAndCheckout.groupOrder.joinModal.payImageAltText":"Tekeningen van munten die in een hand vallen","consumerWebMenuAndCheckout.groupOrder.joinModal.payText":"Bevestig je bestelling zodat {initiatorName} kan afrekenen.","consumerWebMenuAndCheckout.groupOrder.joinModal.addItemsButton":"Voeg producten toe","consumerWebMenuAndCheckout.groupOrder.joinModal.contentLabel":"Doe mee met de groepsbestelling","consumerWebMenuAndCheckout.groupOrder.joinModal.closeModalAriaLabel":"Sluit de groepsbestelling","consumerWebMenuAndCheckout.groupOrder.checkout.completeOrderButton":"Bevestig bestelling","consumerWebMenuAndCheckout.groupOrder.checkout.checkoutButton":"Afrekenen ({total})","consumerWebMenuAndCheckout.groupOrder.checkout.goToCheckout":"Ga naar afrekenen","consumerWebMenuAndCheckout.groupOrder.cancelModal.heading":"Annuleer groepsbestelling","consumerWebMenuAndCheckout.groupOrder.cancelModal.body":"Weet je zeker dat je je groepsbestelling wil annuleren? Alle producten worden uit het winkelmandje verwijderd.","consumerWebMenuAndCheckout.groupOrder.cancelModal.cancelOrderButton":"Annuleer bestelling","consumerWebMenuAndCheckout.groupOrder.cancelModal.keepOrderButton":"Bewaar bestelling","consumerWebMenuAndCheckout.groupOrder.cancelModal.cancelGroupOrderModalContentLabel":"Ga naar afrekenen","consumerWebMenuAndCheckout.groupOrder.manage.addItem":"Voeg producten toe aan bestelling","consumerWebMenuAndCheckout.groupOrder.manage.invitePeople":"Nodig mensen uit","consumerWebMenuAndCheckout.groupOrder.manage.cancel":"Annuleer groepsbestelling","consumerWebMenuAndCheckout.groupOrder.manage.manageGroupOrderAriaLabel":"Knop om de groepsbestelling te beheren","consumerWebMenuAndCheckout.groupOrder.manage.addItemAriaLabel":"Knop om item toe te voegen","consumerWebMenuAndCheckout.groupOrder.manage.invitePeopleAriaLabel":"Knop om mensen uit te nodigen","consumerWebMenuAndCheckout.groupOrder.manage.cancelAriaLabel":"Knop om de groepsbestelling te annuleren","consumerWebMenuAndCheckout.groupOrder.manage.dropDownDialog":"Knop om de groepsbestelling te beheren","consumerWebMenuAndCheckout.groupOrder.manage.leaveGroupOrder":"Verlaat groepsbestelling","consumerWebMenuAndCheckout.groupOrder.participantCompletedOrderModal.trackingText":" kan deze bestelling live volgen en zo nodig hulp krijgen.","consumerWebMenuAndCheckout.groupOrder.participantCompletedOrderModal.trackingAltText":"Tas met locatie-icoon","consumerWebMenuAndCheckout.groupOrder.participantCompletedOrderModal.contentLabel":"Je bestelling is voltooid","consumerWebMenuAndCheckout.groupOrder.participantCompletedOrderModal.closeModalAriaLabel":"Sluiten, je bestelling is voltooid","consumerWebMenuAndCheckout.groupOrder.participantCompletedOrderModal.waitingHeading":"Wachten op het plaatsen van de bestelling","consumerWebMenuAndCheckout.groupOrder.participantCompletedOrderModal.waitingBody":"{initiatorName} heeft de bestelling nog niet geplaatst. Je kan je producten nog aanpassen.","consumerWebMenuAndCheckout.groupOrder.participantCompletedOrderModal.placedHeading":"Bestelling geplaatst","consumerWebMenuAndCheckout.groupOrder.participantCompletedOrderModal.placedBody":"{initiatorName} kan deze bestelling live volgen en zo nodig hulp krijgen.","consumerWebMenuAndCheckout.groupOrder.participantCompletedOrderModal.yourTotal":"Je totaal","consumerWebMenuAndCheckout.groupOrder.participantCompletedOrderModal.editButton":"Pas mijn winkelmandje aan","consumerWebMenuAndCheckout.groupOrder.participantCompletedOrderModal.placedOrderAltText":"Persoon die een feestblazer vasthoudt en viert naast een JustEat bezorgtas. De achtergrond heeft feestelijke vonken.","consumerWebMenuAndCheckout.groupOrder.participantCompletedOrderModal.awaitingOrderAltText":"Iconografie van een zandloper, de achtergrond heeft wat vonken.","consumerWebMenuAndCheckout.groupOrder.participantCompletedOrderModal.closeButtonAriaLabel":"Sluitknop","consumerWebMenuAndCheckout.groupOrder.participantCompletedOrderModal.successfulNotificationText":"Je saldo is gedeeld met {initiatorName} om je bestelling te betalen. Voor meer details, bezoek je je","consumerWebMenuAndCheckout.groupOrder.participantCompletedOrderModal.notificationLink":"{brandName} hub","consumerWebMenuAndCheckout.groupOrder.participantCompletedOrderModal.failedNotificationText":"We konden je saldo niet delen. Je kunt het opnieuw proberen vanaf je","consumerWebMenuAndCheckout.groupOrder.participantCompletedOrderModal.yourSubtotal":"Subtotaal","consumerWebMenuAndCheckout.groupOrder.removeParticipantModal.title":"Haal iemand van de bestelling af","consumerWebMenuAndCheckout.groupOrder.removeParticipantModal.description":"Weet je zeker dat je {userName} van de bestelling af wil halen? Zijn/haar producten worden uit het winkelmandje verwijderd.","consumerWebMenuAndCheckout.groupOrder.removeParticipantModal.ctaCancel":"Annuleren","consumerWebMenuAndCheckout.groupOrder.removeParticipantModal.ctaConfirm":"Verwijderen","consumerWebMenuAndCheckout.groupOrder.leaveModal.ctaConfirm":"Bestelling verlaten","consumerWebMenuAndCheckout.groupOrder.leaveModal.ctaCancel":"Annuleer","consumerWebMenuAndCheckout.groupOrder.leaveModal.description":"Weet je zeker dat je deze groepsbestelling wil verlaten? Al je producten worden uit het winkelmandje verwijderd.","consumerWebMenuAndCheckout.groupOrder.leaveModal.title":"Verlaat groepsbestelling","consumerWebMenuAndCheckout.groupOrder.restaurantHeader.viewGroupOrderButton":"Bekijk groepsbestelling","consumerWebMenuAndCheckout.groupOrder.inviteeLandingPage.previewTitle":"Wil je je bij {initiatorName}'s groepsbestelling voegen?","consumerWebMenuAndCheckout.groupOrder.inviteeLandingPage.previewDescription":"Doe mee met mijn {brandName} groepsbestelling van {restaurantName}","consumerWebMenuAndCheckout.groupOrder.inviteeLandingPage.title":"Sorry, deze functie is alleen beschikbaar in onze app","consumerWebMenuAndCheckout.groupOrder.inviteeLandingPage.description":"Download hieronder onze iOS- of Android-app en probeer het opnieuw","consumerWebMenuAndCheckout.groupOrder.shareMyBalanceModal.addReferenceText":"Referentie toevoegen","consumerWebMenuAndCheckout.groupOrder.shareMyBalanceModal.continueButton":"Niet delen","consumerWebMenuAndCheckout.groupOrder.shareMyBalanceModal.shareButton":"Deel en bevestig","consumerWebMenuAndCheckout.groupOrder.shareMyBalanceModal.contentLabel":"Deel je tegoed","consumerWebMenuAndCheckout.groupOrder.shareMyBalanceModal.heading":"Deel je tegoed","consumerWebMenuAndCheckout.groupOrder.shareMyBalanceModal.body":"Deel je tegoed van {brandName} met degene die de bestelling plaatst en betaal jouw deel.","consumerWebMenuAndCheckout.groupOrder.shareMyBalanceModal.amountText":"Beschikbaar om te delen {amount}","consumerWebMenuAndCheckout.groupOrder.shareMyBalanceModal.infoButtonAriaLabel":"Leer meer over het delen van je saldo","consumerWebMenuAndCheckout.groupOrder.shareMyBalanceModal.referenceRequiredText":"Voeg alstublieft een referentienummer toe. Dit veld is vereist door uw bedrijf.","consumerWebMenuAndCheckout.groupOrder.howToGetStartedSection.heading":"Laten we beginnen","consumerWebMenuAndCheckout.groupOrder.howToGetStartedSection.subheading":"Volg deze eenvoudige stappen","consumerWebMenuAndCheckout.groupOrder.howToGetStartedSection.downloadTheAppTitle":"Download de app","consumerWebMenuAndCheckout.groupOrder.howToGetStartedSection.downloadTheAppContent":"Beschikbaar voor ","consumerWebMenuAndCheckout.groupOrder.howToGetStartedSection.openInviteLinkTitle":"Open de uitnodigingslink","consumerWebMenuAndCheckout.groupOrder.howToGetStartedSection.openInviteLinkContent":"Open opnieuw de oorspronkelijke uitnodigingslink die je hebt ontvangen","consumerWebMenuAndCheckout.groupOrder.howToGetStartedSection.getOrderingTitle":"Ontvang bestellingen","consumerWebMenuAndCheckout.groupOrder.howToGetStartedSection.getOrderingContent":"Begin met het toevoegen van artikelen aan je winkelmandje. Klaar! Smakelijk eten!","consumerWebMenuAndCheckout.groupOrder.howToGetStartedSection.downloadTheAppAlt":"Download de app","consumerWebMenuAndCheckout.groupOrder.howToGetStartedSection.openInviteLinkAlt":"Open uitnodigingslink","consumerWebMenuAndCheckout.groupOrder.howToGetStartedSection.getOrderingAlt":"Begin met bestellen","consumerWebMenuAndCheckout.groupOrder.howToGetStartedSection.paginationAria":"Volgende kaart","consumerWebMenuAndCheckout.groupOrder.howToGetStartedSection.downloadIos":"iOS","consumerWebMenuAndCheckout.groupOrder.howToGetStartedSection.downloadAndroid":"Android","consumerWebMenuAndCheckout.groupOrder.howToGetStartedSection.downloadTheAppContentLinkingText":" en ","consumerWebMenuAndCheckout.groupOrder.howToGetStartedSection.downloadHuawei":"Huawei","consumerWebMenuAndCheckout.groupOrder.shareMyBalancePaymentReferenceModal.saveButton":"Opslaan","consumerWebMenuAndCheckout.groupOrder.shareMyBalancePaymentReferenceModal.cancelButton":"Annuleren","consumerWebMenuAndCheckout.groupOrder.shareMyBalancePaymentReferenceModal.heading":"{brandName}-referentie toevoegen","consumerWebMenuAndCheckout.groupOrder.shareMyBalancePaymentReferenceModal.body":"Voeg de referentie toe die je van je bedrijf voor hun boekhouding hebt gekregen. Dit kan een PO-nummer, projectcode of kostenplaats zijn.","consumerWebMenuAndCheckout.groupOrder.shareMyBalancePaymentReferenceModal.inputLabel":"Referentie","consumerWebMenuAndCheckout.groupOrder.shareMyBalancePaymentReferenceModal.contentLabel":"{brandName}-referentie toevoegen","consumerWebMenuAndCheckout.groupOrder.shareMyBalancePaymentReferenceModal.backButtonAriaLabel":"Terug om mijn saldo te delen","consumerWebMenuAndCheckout.groupOrder.shareMyBalanceLearnMoreModal.heading":"Je tegoed gebruiken bij groepsbestellingen","consumerWebMenuAndCheckout.groupOrder.shareMyBalanceLearnMoreModal.saveText":"Bespaar op of betaal voor je bestelling door je beschikbare {brandName}-tegoed te gebruiken.","consumerWebMenuAndCheckout.groupOrder.shareMyBalanceLearnMoreModal.shareText":"Deel het tegoed van vandaag (tot {amount}) met de persoon die de groepsbestelling heeft aangemaakt.","consumerWebMenuAndCheckout.groupOrder.shareMyBalanceLearnMoreModal.remainingText":"Je resterende tegoed komt weer beschikbaar zodra de bestelling is geplaatst. Als deze niet binnen een uur wordt geplaatst, wordt je gedeelde tegoed teruggestort.","consumerWebMenuAndCheckout.groupOrder.shareMyBalanceLearnMoreModal.confirmButton":"Begrepen","consumerWebMenuAndCheckout.groupOrder.shareMyBalanceLearnMoreModal.contentLabel":"Meer informatie over het delen van je tegoed.","consumerWebMenuAndCheckout.groupOrder.shareMyBalanceLearnMoreModal.backButtonAriaLabel":"Terug om mijn saldo te delen","consumerWebMenuAndCheckout.idAgeVerification.consentModal.NoMitId":"Wat als ik geen MitID heb?","consumerWebMenuAndCheckout.idAgeVerification.consentModal.modalFirstContent":"Omdat je een artikel met leeftijdsrestrictie hebt gekozen en vanwege een wettelijke verplichting, moeten we je leeftijd controleren.","consumerWebMenuAndCheckout.idAgeVerification.consentModal.modalSecondContent":"Dat doen we via een platform genaamd MitID.","consumerWebMenuAndCheckout.idAgeVerification.consentModal.modalThirdContent":"Geen zorgen. Thuisbezorgd.nl slaat je gegevens niet op en zal ze niet gebruiken voor marketingdoeleinden.","consumerWebMenuAndCheckout.idAgeVerification.consentModal.modalHeading":"Bevestiging van leeftijd","consumerWebMenuAndCheckout.idAgeVerification.consentModal.consentButton":"Verder naar MitID","consumerWebMenuAndCheckout.idAgeVerification.ageVerificationFailedModal.modalFirstContent":"Go back to remove the age-restricted items from your basket.","consumerWebMenuAndCheckout.idAgeVerification.ageVerificationFailedModal.modalSecondContent":"If you think we made a mistake, you can try to verify your age again.","consumerWebMenuAndCheckout.idAgeVerification.ageVerificationFailedModal.modalHeading":"Looks like youâre not old enough to order age-restricted items","consumerWebMenuAndCheckout.idAgeVerification.generalErrorModal.modalContent":"You can try again or go back to your basket to remove the age-restricted items.","consumerWebMenuAndCheckout.idAgeVerification.generalErrorModal.modalHeading":"Something went wrong","consumerWebMenuAndCheckout.idAgeVerification.limitReachedModal.modalFirstContent":"There have been too many unsuccessful attempts to verify your age.","consumerWebMenuAndCheckout.idAgeVerification.limitReachedModal.modalSecondContent":"Go back to remove the age-restricted items from your basket.","consumerWebMenuAndCheckout.idAgeVerification.limitReachedModal.modalHeading":"Age verification limit reached","consumerWebMenuAndCheckout.idAgeVerification.errorButtons.backToBasket":"Back to checkout","consumerWebMenuAndCheckout.idAgeVerification.errorButtons.tryAgain":"Try again","consumerWebMenuAndCheckout.idAgeVerification.NoMitIdAccount.modalHeading":"Ik heb geen MitID","consumerWebMenuAndCheckout.idAgeVerification.NoMitIdAccount.modalFirstContent":"Om wettelijke redenen kun je helaas niet verder zonder je leeftijd te verifiÃ«ren met MitID.","consumerWebMenuAndCheckout.idAgeVerification.NoMitIdAccount.modalSecondContent":"Wil je de bestelling toch plaatsen? Haal de artikelen met leeftijdsrestrictie dan uit je winkelmandje.","consumerWebMenuAndCheckout.idAgeVerification.NoMitIdAccount.backToCheckoutButton":"Terug naar winkelmandje","consumerWebMenuAndCheckout.newIdAgeVerification.ageVerificationFailedModal.modalHeading":"Looks like youâre not old enough to order age-restricted items","consumerWebMenuAndCheckout.newIdAgeVerification.ageVerificationFailedModal.modalFirstContent":"Go back to remove the age-restricted items from your basket.","consumerWebMenuAndCheckout.newIdAgeVerification.ageVerificationFailedModal.modalSecondContent":"If you think we made a mistake, you can try to verify your age again.","consumerWebMenuAndCheckout.newIdAgeVerification.errorButtons.backToBasket":"Back to basket.","consumerWebMenuAndCheckout.newIdAgeVerification.errorButtons.tryAgain":"Try again","consumerWebCommon.temp.temp.temp":"temp1","consumerWebCommon.temp.temp.test":"What is Lorem Ipsum?\r\nLorem Ipsum is simply dummy text of the printing and typesetting industry. \\n\r\nLorem Ipsum has been the industry's standard dummy text ever since the 1500s, when an unknown printer took a galley of type and scrambled it to make a type specimen book. It has survived not only five centuries, but also the leap into electronic typesetting, remaining essentially unchanged. \\n It was popularised in the 1960s with the release of Letraset sheets containing Lorem Ipsum passages, and more recently with desktop publishing software like Aldus PageMaker including versions of Lorem Ipsum.\r\n{br}\r\nWhy do we use it?\r\nIt is a long established fact that a reader will be distracted by the readable content of a page when looking at its layout. The point of using Lorem Ipsum is that it has a more-or-less normal distribution of letters, as opposed to using 'Content here, content here', making it look like readable English. Many desktop publishing packages and web page editors now use Lorem Ipsum as their default model text, and a search for 'lorem ipsum' will uncover many web sites still in their infancy. Various versions have evolved over the years, sometimes by accident, sometimes on purpose (injected humour and the like).\r\n\r\n","consumerWebCommon.metric.distance.km":"{distance} km","consumerWebCommon.metric.distance.m":"{distance} m","consumerWebCommon.metric.distance.mi":"{distance} mi","consumerWebCommon.accountModal.takeawayPayOverview.additionalRestrictionsDetails":"Extra regels vanuit het bedrijf zijn mogelijk van toepassing.","consumerWebCommon.accountModal.takeawayPayOverview.contactAdminForHelp":"Als je vragen hebt over je Takeaway Pay-tegoed, neem dan contact op met de Takeaway Pay-beheerder van je bedrijf.","consumerWebCommon.accountModal.takeawayPayOverview.unavailable":"Niet beschikbaar","consumerWebCommon.accountModal.takeawayPayOverview.Limitation_YourMonthlyBalanceLowerThanDailyBalance":"Je kunt alleen gebruik maken van je maandelijkse tegoed omdat dat lager is dan je dagelijkse tegoed.","consumerWebCommon.accountModal.takeawayPayOverview.Limitation_AllowanceIsUnavaliableDueToSetTimeOrLocationLimits":"Je tegoed is momenteel niet beschikbaar vanwege datum- en tijdslimieten die zijn ingesteld door jouw beheerder.","consumerWebCommon.accountModal.takeawayPayOverview.Limitation_UnknownError":"Er is iets misgegaan. Neem contact op met de klantenservice.","consumerWebCommon.accountModal.takeawayPayOverview.takeawayPayNotLoading":"Takeaway Pay wordt niet geladen","consumerWebCommon.accountModal.takeawayPayOverview.thereSeemsToBeAnError":"Het spijt ons, er is een onverwachte fout opgetreden. Probeer het nog een keer of ga terug naar de lijst met restaurants.","consumerWebCommon.accountModal.takeawayPayOverview.refreshButtonText":"Probeer het opnieuw","consumerWebCommon.accountModal.takeawayPayOverview.browseRestaurantsButtonText":"Terug naar restaurants","consumerWebCommon.accountModal.takeawayPayOverview.dailyBalance":"Tegoed van vandaag","consumerWebCommon.accountModal.takeawayPayOverview.monthlyBalance":"Maandelijks tegoed","consumerWebCommon.accountModal.takeawayPayOverview.balanceLeft":"over","consumerWebCommon.accountModal.takeawayPayOverview.limit":"Van {limit}","consumerWebCommon.accountModal.takeawayPayOverview.takeMeToMyAccount":"Klik om naar de {brandPay}-hub te gaan.","consumerWebCommon.accountModal.stampCardsPage.listEmpty":"Je hebt nog geen stempelkaarten","consumerWebCommon.accountModal.stampCardsPage.overviewTitle":"Jouw stempelkaartenoverzicht","consumerWebCommon.accountModal.stampCardsPage.introduction":"Welkom op je stempelkaartenoverzicht! Dit is waar we je stempels en verdiende vouchers bewaren.","consumerWebCommon.accountModal.stampCardsPage.introductionToOptIn":"{subscribeToOurNewsLetter}, dan zorgen wij ervoor dat je updates ontvangt over je beschikbare vouchers, verzamelde stempels en meer.","consumerWebCommon.accountModal.stampCardsPage.subscribeToOurNewsLetter":"Schrijf je in voor onze nieuwsbrief","consumerWebCommon.accountModal.stampCardsPage.welcomeToStampCards":"Welkom bij ons Stempelkaartprogramma!","consumerWebCommon.accountModal.stampCardsPage.promptToLoginOrCreateAnAccount":"We zien dat je op dit moment bent afgemeld. {loginToAccountLink} met je account om je beschikbare vouchers en statusupdates te bekijken. Nog geen onderdeel van de {domainName}-familie? Geen probleem. {createAnAccountLink} met hetzelfde e-mailadres dat je voor je bestellingen gebruikt!","consumerWebCommon.accountModal.stampCardsPage.createAnAccount":"Maak een account bij ons aan","consumerWebCommon.accountModal.stampCardsPage.login":"Meld je opnieuw aan","consumerWebCommon.accountModal.stampCardsPage.yourStampCards":"Jouw stempelkaarten","consumerWebCommon.accountModal.stampCardsPage.howDoesItWork":"Hoe werkt het?","consumerWebCommon.accountModal.stampCardsPage.termsAndConditions":"Algemene Voorwaarden","consumerWebCommon.accountModal.stampCardsPage.heading":"Stempelkaarten","consumerWebCommon.accountModal.stampCardsPage.howDoesStampCardsWorkDescription":"Met het stempelkaartenprogramma zetten we telkens {amount}% van je bestelwaarde voor je opzij. Zodra je 5 bestellingen hebt geplaatst, ontvang je van ons een persoonlijke voucher t.w.v. het totale bedrag dat is opgespaard. Deze voucher is 3 maanden geldig en kan alleen verzilverd worden bij het restaurant waar de stempelkaart van is.","consumerWebCommon.accountModal.stampCardsPage.benefits":"Voordelen van de stempelkaart:","consumerWebCommon.accountModal.stampCardsPage.largeVarietyBenefit":"Kies uit vele deelnemende restaurants","consumerWebCommon.accountModal.stampCardsPage.everyOrderBenefit":"Spaar met elke bestelling die je plaatst","consumerWebCommon.accountModal.stampCardsPage.loyaltyRewardBenefit":"Word beloond voor je loyaliteit","consumerWebCommon.accountModal.stampCardsPage.voucherBenefit":"Ontvang een voucher voor je favoriete restaurant","consumerWebCommon.accountModal.stampCardsPage.startSavingNow":"Begin nu met sparen!","consumerWebCommon.accountModal.stampCardsPage.termsAndConditionsIntroduction":"Deze Algemene Voorwaarden Stempelkaarten Klanten zijn van toepassing op de relatie tussen Takeaway.com en de Klant die zich heeft aangemeld voor het Stempelkaartprogramma.","consumerWebCommon.accountModal.stampCardsPage.definitionsTitle":"Definities","consumerWebCommon.accountModal.stampCardsPage.definitionsContent1":"Gedefinieerde termen hebben dezelfde betekenis als in de Algemene Voorwaarden Klanten.","consumerWebCommon.accountModal.stampCardsPage.definitionsContent2":"Algemene Voorwaarden Klanten: de meest recente versie van de algemene voorwaarden voor klanten van Takeaway.com","consumerWebCommon.accountModal.stampCardsPage.definitionsContent3":"Algemene Voorwaarden Stempelkaart Klanten: deze algemene voorwaarden met betrekking tot het Stempelkaartprogramma van Takeaway.com, zoals van tijd tot tijd gewijzigd.","consumerWebCommon.accountModal.stampCardsPage.definitionsContent4":"Deelnemend Restaurant: een Restaurant dat deelneemt aan het Stempelkaartprogramma en Stempels toekent aan Klanten.","consumerWebCommon.accountModal.stampCardsPage.definitionsContent5":"Stempel: Restaurantspecifieke stempel die wordt toegekend voor elke Bestelling die bij een Deelnemend Restaurant wordt geplaatst.","consumerWebCommon.accountModal.stampCardsPage.definitionsContent6":"Stempelkaart: Restaurantspecifiek overzicht van door een Klant verzamelde Stempels, ontvangen via e-mail, dat vol en compleet is na het verzamelen van vijf Stempels.","consumerWebCommon.accountModal.stampCardsPage.definitionsContent7":"Stempelkaartprogramma: toekenningsprogramma, waarmee Klanten Stempels van Deelnemende Restaurants kunnen verzamelen op een Stempelkaart die vol en compleet is na het verzamelen van vijf stempels vanhetzelfde Deelnemende Restaurant en die vervolgens resulteert in een Stempelkaartvoucher, die inwisselbaar bij een Bestelling bij dat Deelnemende Restaurant.","consumerWebCommon.accountModal.stampCardsPage.definitionsContent8":"Stempelkaart Voucher: Restaurantspecifieke voucher die het gevolg is van een volledige Stempelkaart, met een waarde van 10% van het totale Bestelbedrag van de vijf Bestellingen waarvoor de Stempels werden verzameld.","consumerWebCommon.accountModal.stampCardsPage.applicabilityTitle":"Toepasselijkheid","consumerWebCommon.accountModal.stampCardsPage.applicabilityContent1":"1. Om zich aan te melden voor het Stempelkaartprogramma, dient een Klant zich met een geldig e-mailadres aan te melden voor de nieuwsbrief.","consumerWebCommon.accountModal.stampCardsPage.applicabilityContent2":"2. Door de aanmelding voor de nieuwsbrief gaat een Klant ermee akkoord, dat deze Algemene Voorwaarden Stempelkaart Klanten van toepassing zijn op de relatie tussen Takeaway.com en de Klant en ook van toepassing zijn op de relaties tussen de Klant en een of meer Deelnemende Restaurants, welke relaties tot stand komen als gevolg van de deelname van de Klant aan het Stempelkaartprogramma.","consumerWebCommon.accountModal.stampCardsPage.applicabilityContent3":"3. Een Restaurant beslist naar eigen goeddunken al dan niet deel te nemen aan het Stempelkaartprogramma.","consumerWebCommon.accountModal.stampCardsPage.applicabilityContent4":"4. De Algemene Voorwaarden Klanten blijven van toepassing op de relatie tussen Takeaway.com en de Klant, tenzij zij uitdrukkelijk afwijken van deze Algemene Voorwaarden Stempelkaart Restaurants. In dat geval prevaleren de laatstgenoemde voorwaarden.","consumerWebCommon.accountModal.stampCardsPage.applicabilityContent5":"5. Takeaway.com kan naar eigen goeddunken het lidmaatschap van een Klant van het Stempelkaartprogramma weigeren.","consumerWebCommon.accountModal.stampCardsPage.stampsAndVouchersTitle":"Stempels en Stempelkaartvouchers","consumerWebCommon.accountModal.stampCardsPage.stampsAndVouchersContent1":"6. Stempels en Stempelkaartvouchers hebben geen geldelijke of contante waarde en kunnen niet voor enige valuta worden ingewisseld.","consumerWebCommon.accountModal.stampCardsPage.stampsAndVouchersContent2":"7. Stempels worden uitsluitend aan een Klant toegekend door een Deelnemend Restaurant.","consumerWebCommon.accountModal.stampCardsPage.stampsAndVouchersContent3":"8. Takeaway.com is slechts de technische aanbieder van het Stempelkaartprogramma en publiceert het Stempelkaartprogramma op haar Platform.","consumerWebCommon.accountModal.stampCardsPage.stampsAndVouchersContent4":"9. Klanten met een geldig e-mailadres ontvangen automatisch 1 Stempel voor elke Bestelling die bij een Deelnemend Restaurant wordt geplaatst.","consumerWebCommon.accountModal.stampCardsPage.stampsAndVouchersContent5":"10. Na het plaatsen van een Bestelling bij een Deelnemend Restaurant ontvangt een Klant die zich heeft aangemeld voor de nieuwsbrief binnen 48 uur automatisch een e-mail met daarin het actuele overzicht van Stempelkaarten. Er worden maximaal zeven Stempelkaarten van Deelnemende Restaurants weergegeven, gesorteerd op het aantal Stempels.","consumerWebCommon.accountModal.stampCardsPage.stampsAndVouchersContent6":"11. Een Stempelkaart is vol en volledig na het verzamelen van vijf Stempels van hetzelfde Deelnemende Restaurant. Binnen 48 uur nadat de Stempelkaart vol is, wordt er een Stempelkaartvoucher naar de Klant gemaild.","consumerWebCommon.accountModal.stampCardsPage.stampsAndVouchersContent7":"12. Stempels vervallen 12 maanden na het moment waarop dergelijke Stempels zijn toegekend aan de Klant.","consumerWebCommon.accountModal.stampCardsPage.stampsAndVouchersContent8":"13. Stempels zijn niet overdraagbaar tussen Deelnemende Restaurants, Klanten, e-mailadressen, Stempelkaarten of anderszins.","consumerWebCommon.accountModal.stampCardsPage.stampsAndVouchersContent9":"14. Klanten dienen eventuele onnauwkeurigheden in hun verzamelde Stempels binnen Ã©Ã©n maand na de ontdekking van dergelijke onnauwkeurigheden te melden bij de klantenservice van Takeaway.com.","consumerWebCommon.accountModal.stampCardsPage.stampsAndVouchersContent10":"15. Takeaway.com heeft het recht:","consumerWebCommon.accountModal.stampCardsPage.stampsAndVouchersContent11":"â¢ eventueel ten onrechte toegekende Stempels te corrigeren; of","consumerWebCommon.accountModal.stampCardsPage.stampsAndVouchersContent12":"â¢ eventuele Stempels die werden toegekend terwijl de Bestelling en/of betaling daarvan werd geannuleerd, te corrigeren; en","consumerWebCommon.accountModal.stampCardsPage.stampsAndVouchersContent13":"â¢ eventuele Stempelkaartvouchers die zijn ingewisseld met zulke Stempels te annuleren.","consumerWebCommon.accountModal.stampCardsPage.stampCardVouchersTitle":"Stempelkaartvouchers","consumerWebCommon.accountModal.stampCardsPage.stampCardVouchersContent1":"16. Een Stempelkaartvoucher:","consumerWebCommon.accountModal.stampCardsPage.stampCardVouchersContent2":"â¢ kan uitsluitend worden ingewisseld bij een Bestelling bij het Deelnemende Restaurant waar de Stempels zijn ontvangen;","consumerWebCommon.accountModal.stampCardsPage.stampCardVouchersContent3":"â¢ kan uitsluitend worden ingewisseld in combinatie met een online betaling; en","consumerWebCommon.accountModal.stampCardsPage.stampCardVouchersContent4":"â¢ kan niet worden gecombineerd met andere vouchers van welke aard dan ook.","consumerWebCommon.accountModal.stampCardsPage.stampCardVouchersContent5":"17. De waarde van een Stempelkaartvoucher is gelijk aan 10% van het totale Bestelbedrag van de vijf Bestellingen waarvoor de Stempels werden verzameld.","consumerWebCommon.accountModal.stampCardsPage.stampCardVouchersContent6":"18. De Stempelkaartvoucher hoeft niet in Ã©Ã©n keer bij een Bestelling te worden ingewisseld, maar kan worden benut bij zoveel Bestellingen als nodig is om de volledige waarde van de Stempelkaartvoucher te gebruiken.","consumerWebCommon.accountModal.stampCardsPage.stampCardVouchersContent7":"19. De Stempelkaartvoucher kan tot 90 dagen nadat de Stempelkaart was uitgegeven, worden ingewisseld.","consumerWebCommon.accountModal.stampCardsPage.stampCardVouchersContent8":"20. Na het verstrijken van de voucher worden de Stempels die werden gebruikt voor het volmaken van die Stempelkaartvoucher niet geretourneerd aan de Klant.","consumerWebCommon.accountModal.stampCardsPage.durationModificationTerminationTitle":"Looptijd, aanpassing en beÃ«indiging van het Stempelkaartprogramma","consumerWebCommon.accountModal.stampCardsPage.durationModificationTerminationContent1":"21. Takeaway.com kan deze Algemene Voorwaarden Stempelkaarten Klanten, elk aspect van het Stempelkaartprogramma inclusief inwisselingprocedures en beloningen in elk opzicht wijzigen, alles zonder voorafgaande kennisgeving. Hierin begrepen, maar zonder beperking, zijn het toevoegen, verwijderen of wijzigen van tijdslimieten voor het verzamelen, inwisselen of gebruiken van Stempels of Stempelkaartvouchers.  Takeaway.com zal de gewijzigde Algemene Voorwaarden Stempelkaarten Restaurants publiceren op het Platform.","consumerWebCommon.accountModal.stampCardsPage.durationModificationTerminationContent2":"22. Een Klant die deelname aan het Stempelkaartprogramma voortzet, wordt geacht in te stemmen met eventuele wijzigingen aan deze Algemene Voorwaarden Stempelkaart Klanten.","consumerWebCommon.accountModal.stampCardsPage.durationModificationTerminationContent3":"23. Een Klant kan op elk moment ervoor kiezen het Stempelkaartprogramma te verlaten. Klanten verlaten het Stempelkaartprogramma door zich af te melden voor de nieuwsbrief. Door het verlaten van het Stempelkaartprogramma beÃ«indigt een Klant de relatie met Takeaway.com met betrekking tot het Stempelkaartprogramma en verbeurt hiermee het recht op eventueel opgebouwde Stempels.","consumerWebCommon.accountModal.stampCardsPage.durationModificationTerminationContent4":"24. Takeaway.com behoudt zich het recht voor om het Stempelkaartprogramma op elk moment zonder voorafgaande kennisgeving te annuleren. In geval van annulering van het Stempelkaartprogramma kunnen Klanten niet langer Stempels verzamelen. Stempelkaartvouchers behouden echter hun geldigheid tot hun vervaldatum.","consumerWebCommon.accountModal.stampCardsPage.durationModificationTerminationContent5":"25. Een Deelnemend Restaurant is vrij zijn deelname aan het Stempelkaartprogramma op elk moment te beÃ«indigen zonder voorafgaande kennisgeving aan Klanten. In geval van beÃ«indiging door een Deelnemend Restaurant kan een Klant niet langer Stempels van dat Restaurant verzamelen. Stempelkaartvouchers voor dat Restaurant behouden echter hun geldigheid tot hun vervaldatum.","consumerWebCommon.accountModal.stampCardsPage.durationModificationTerminationContent6":"26. Takeaway.com behoudt zich het recht voor de deelname van een Klant aan het Stempelkaartprogramma in geval van (vermeende) schending van de Algemene Voorwaarden Klanten of deze Algemene Voorwaarden Stempelkaart Klanten te weigeren of op te schorten.","consumerWebCommon.accountModal.stampCardsPage.otherTitle":"Overig","consumerWebCommon.accountModal.stampCardsPage.otherContent1":"27. De aansprakelijkheid van Takeaway.com wordt beperkt zoals beschreven in de Algemene Voorwaarden Customers.","consumerWebCommon.accountModal.stampCardsPage.otherContent2":"28. Voor klachten over het Stempelkaartprogramma verwijst Takeaway.com naar haar klachtenbeleid in de Algemene Voorwaarden Customers.","consumerWebCommon.accountModal.stampCardsPage.stampCardsErrorUnknown":"Er is iets misgegaan. {pleaseTryAgain} of neem contact op met de klantenservice.","consumerWebCommon.accountModal.stampCardsPage.pleaseTryAgain":"Probeer het opnieuw","consumerWebCommon.accountModal.stampCardsPage.termsDefinitionsContent":"Gedefinieerde termen hebben dezelfde betekenis als in de Algemene Voorwaarden Klanten.{br}{br}\r\nAlgemene Voorwaarden Klanten: de meest recente versie van de algemene voorwaarden voor klanten van {siteName}.{br}{br}\r\nAlgemene Voorwaarden Stempelkaart Klanten: deze algemene voorwaarden met betrekking tot het Stempelkaartprogramma van {siteName}, zoals van tijd tot tijd gewijzigd.{br}{br}\r\nDeelnemend Restaurant: een Restaurant dat deelneemt aan het Stempelkaartprogramma en Stempels toekent aan Klanten.{br}{br}\r\nStempel: Restaurantspecifieke stempel die wordt toegekend voor elke Bestelling die bij een Deelnemend Restaurant wordt geplaatst.{br}{br}\r\nStempelkaart: Restaurantspecifiek overzicht van door een Klant verzamelde Stempels, ontvangen via e-mail, dat vol en compleet is na het verzamelen van vijf Stempels.{br}{br}\r\nStempelkaartprogramma: toekenningsprogramma, waarmee Klanten Stempels van Deelnemende Restaurants kunnen verzamelen op een Stempelkaart die vol en compleet is na het verzamelen van vijf stempels vanhetzelfde Deelnemende Restaurant en die vervolgens resulteert in een Stempelkaartvoucher, die inwisselbaar bij een Bestelling bij dat Deelnemende Restaurant.{br}{br}\r\nStempelkaart Voucher: Restaurantspecifieke voucher die het gevolg is van een volledige Stempelkaart, met een waarde van {amount}% van het totale Bestelbedrag van de vijf Bestellingen waarvoor de Stempels werden verzameld.","consumerWebCommon.accountModal.stampCardsPage.termsApplicabilityContent":"1. Om zich aan te melden voor het Stempelkaartprogramma, dient een Klant zich met een geldig e-mailadres aan te melden voor de nieuwsbrief.{br}{br}\r\n2. Door de aanmelding voor de nieuwsbrief gaat een Klant ermee akkoord, dat deze Algemene Voorwaarden Stempelkaart Klanten van toepassing zijn op de relatie tussen {siteName} en de Klant en ook van toepassing zijn op de relaties tussen de Klant en een of meer Deelnemende Restaurants, welke relaties tot stand komen als gevolg van de deelname van de Klant aan het Stempelkaartprogramma.{br}{br}\r\n3. Een Restaurant beslist naar eigen goeddunken al dan niet deel te nemen aan het Stempelkaartprogramma.{br}{br}\r\n4. De Algemene Voorwaarden Klanten blijven van toepassing op de relatie tussen {siteName} en de Klant, tenzij zij uitdrukkelijk afwijken van deze Algemene 4. Voorwaarden Stempelkaart Restaurants. In dat geval prevaleren de laatstgenoemde voorwaarden.{br}{br}\r\n5. {siteName} kan naar eigen goeddunken het lidmaatschap van een Klant van het Stempelkaartprogramma weigeren.","consumerWebCommon.accountModal.stampCardsPage.termsStampsAndVouchersContent":"6. Stempels en Stempelkaartvouchers hebben geen geldelijke of contante waarde en kunnen niet voor enige valuta worden ingewisseld.{br}{br}\r\n7. Stempels worden uitsluitend aan een Klant toegekend door een Deelnemend Restaurant.{br}{br}\r\n8. {siteName} is slechts de technische aanbieder van het Stempelkaartprogramma en publiceert het Stempelkaartprogramma op haar Platform.{br}{br}\r\n9. Klanten met een geldig e-mailadres ontvangen automatisch 1 Stempel voor elke Bestelling die bij een Deelnemend Restaurant wordt geplaatst. {br}{br}\r\n10. Na het plaatsen van een Bestelling bij een Deelnemend Restaurant ontvangt een Klant die zich heeft aangemeld voor de nieuwsbrief binnen 48 uur automatisch een e-mail met daarin het actuele overzicht van Stempelkaarten. Er worden maximaal zeven Stempelkaarten van Deelnemende Restaurants weergegeven, gesorteerd op het aantal Stempels.{br}{br}\r\n11. Een Stempelkaart is vol en volledig na het verzamelen van vijf Stempels van hetzelfde Deelnemende Restaurant. Binnen 48 uur nadat de Stempelkaart vol is, wordt er een Stempelkaartvoucher naar de Klant gemaild.{br}{br}\r\n12. Stempels vervallen 12 maanden na het moment waarop dergelijke Stempels zijn toegekend aan de Klant.{br}{br}\r\n13. Stempels zijn niet overdraagbaar tussen Deelnemende Restaurants, Klanten, e-mailadressen, Stempelkaarten of anderszins.{br}{br}\r\n14. Klanten dienen eventuele onnauwkeurigheden in hun verzamelde Stempels binnen Ã©Ã©n maand na de ontdekking van dergelijke onnauwkeurigheden te melden bij de klantenservice van {siteName}.{br}{br}\r\n15. {siteName} heeft het recht:{br}{br} â¢ eventueel ten onrechte toegekende Stempels te corrigeren; of {br}{br} â¢eventuele Stempels die werden toegekend terwijl de Bestelling en/of betaling daarvan werd geannuleerd, te corrigeren; en{br}{br} â¢ eventuele Stempelkaartvouchers die zijn ingewisseld met zulke Stempels te annuleren.","consumerWebCommon.accountModal.stampCardsPage.termsStampCardVouchersContent":"16. Een Stempelkaartvoucher: {br}{br} â¢ kan uitsluitend worden ingewisseld bij een Bestelling bij het Deelnemende Restaurant waar de Stempels zijn ontvangen;{br}{br} â¢ kan uitsluitend worden ingewisseld in combinatie met een online betaling; en {br}{br} â¢ kan niet worden gecombineerd met andere vouchers van welke aard dan ook. {br}{br} â¢ geldig voor elke bestelling bij Thuisbezorgd.nl, met uitzondering van uitgesloten producten zoals alcohol, tabak en andere leeftijdsgebonden producten (zie afrekenpagina voor details van producten waarop de voucher niet van toepassing is).{br}{br}\r\n17. De waarde van een Stempelkaartvoucher is gelijk aan 10% van het totale Bestelbedrag van de vijf Bestellingen waarvoor de Stempels werden verzameld.{br}{br}\r\n18. De Stempelkaartvoucher hoeft niet in Ã©Ã©n keer bij een Bestelling te worden ingewisseld, maar kan worden benut bij zoveel Bestellingen als nodig is om de volledige waarde van de Stempelkaartvoucher te gebruiken.{br}{br}\r\n19. De Stempelkaartvoucher kan tot 90 dagen nadat de Stempelkaart was uitgegeven, worden ingewisseld. {br}{br}\r\n20. Na het verstrijken van de voucher worden de Stempels die werden gebruikt voor het volmaken van die Stempelkaartvoucher niet geretourneerd aan de Klant.","consumerWebCommon.accountModal.stampCardsPage.termsDurationModificationTerminationContent":"21. {siteName} kan deze Algemene Voorwaarden Stempelkaarten Klanten, elk aspect van het Stempelkaartprogramma inclusief inwisselingprocedures en beloningen in elk opzicht wijzigen, alles zonder voorafgaande kennisgeving. Hierin begrepen, maar zonder beperking, zijn het toevoegen, verwijderen of wijzigen van tijdslimieten voor het verzamelen, inwisselen of gebruiken van Stempels of Stempelkaartvouchers.  {siteName} zal de gewijzigde Algemene Voorwaarden Stempelkaarten Restaurants publiceren op het Platform.{br}{br}\r\n22. Een Klant die deelname aan het Stempelkaartprogramma voortzet, wordt geacht in te stemmen met eventuele wijzigingen aan deze Algemene Voorwaarden Stempelkaart Klanten.{br}{br}\r\n23. Een Klant kan op elk moment ervoor kiezen het Stempelkaartprogramma te verlaten. Klanten verlaten het Stempelkaartprogramma door zich af te melden voor de nieuwsbrief. Door het verlaten van het Stempelkaartprogramma beÃ«indigt een Klant de relatie met {siteName} met betrekking tot het Stempelkaartprogramma en verbeurt hiermee het recht op eventueel opgebouwde Stempels.{br}{br}\r\n23. {siteName} behoudt zich het recht voor om het Stempelkaartprogramma op elk moment zonder voorafgaande kennisgeving te annuleren. In geval van annulering van het Stempelkaartprogramma kunnen Klanten niet langer Stempels verzamelen. {br}{br} 24. Stempelkaartvouchers behouden echter hun geldigheid tot hun vervaldatum. {br}{br}\r\n25. Een Deelnemend Restaurant is vrij zijn deelname aan het Stempelkaartprogramma op elk moment te beÃ«indigen zonder voorafgaande kennisgeving aan Klanten. In geval van beÃ«indiging door een Deelnemend Restaurant kan een Klant niet langer Stempels van dat Restaurant verzamelen. Stempelkaartvouchers voor dat Restaurant behouden echter hun geldigheid tot hun vervaldatum. \r\n26. {siteName} behoudt zich het recht voor de deelname van een Klant aan het Stempelkaartprogramma in geval van (vermeende) schending van de Algemene Voorwaarden Klanten of deze Algemene Voorwaarden Stempelkaart Klanten te weigeren of op te schorten.","consumerWebCommon.accountModal.stampCardsPage.termsOtherContent":"27. De aansprakelijkheid van {siteName} wordt beperkt zoals beschreven in de Algemene Voorwaarden Customers. {br}{br}\r\n28. Voor klachten over het Stempelkaartprogramma verwijst {siteName} naar haar klachtenbeleid in de Algemene Voorwaarden Customers.","consumerWebCommon.accountModal.stampCardsPage.termsAndConditionsIntro":"Deze Algemene Voorwaarden Stempelkaarten Klanten zijn van toepassing op de relatie tussen {siteName} en de Klant die zich heeft aangemeld voor het Stempelkaartprogramma.","consumerWebCommon.accountModal.stampCardsPage.promptToSignInOrCreateAnAccount":"We zien dat je op dit moment bent afgemeld. {signInToAccountLink} met je account om je beschikbare vouchers en statusupdates te bekijken. Nog geen onderdeel van de {domainName}-familie? Geen probleem. {createAnAccountLink} met hetzelfde e-mailadres dat je voor je bestellingen gebruikt!","consumerWebCommon.accountModal.stampCardsPage.signIn":"Meld je opnieuw aan","consumerWebCommon.accountModal.mainPage.heading":"Mijn account","consumerWebCommon.accountModal.mainPage.viewPersonalData":"Bekijk persoonsgegevens","consumerWebCommon.accountModal.mainPage.land":"Land","consumerWebCommon.accountModal.mainPage.language":"Taal","consumerWebCommon.accountModal.mainPage.logout":"Uitloggen","consumerWebCommon.accountModal.mainPage.login":"Inloggen","consumerWebCommon.accountModal.mainPage.register":"Account aanmaken","consumerWebCommon.accountModal.mainPage.favourites":"Favorieten","consumerWebCommon.accountModal.mainPage.orders":"Bestellingen","consumerWebCommon.accountModal.mainPage.savedAddresses":"Adressen","consumerWebCommon.accountModal.mainPage.stampCards":"Stempelkaarten","consumerWebCommon.accountModal.mainPage.loyaltyShop":"Bonuswinkel","consumerWebCommon.accountModal.mainPage.bonusPoints":"{bonusPointsCount} punten","consumerWebCommon.accountModal.mainPage.customerService":"Hulp nodig?","consumerWebCommon.accountModal.mainPage.takeawayPayOverview":"Takeaway Pay (B2B)","consumerWebCommon.accountModal.mainPage.addresses":"Adressen","consumerWebCommon.accountModal.mainPage.signIn":"Inloggen","consumerWebCommon.accountModal.mainPage.signOut":"Uitloggen","consumerWebCommon.accountModal.mainPage.createAccount":"Account aanmaken","consumerWebCommon.accountModal.mainPage.giftCardShop":"Cadeaukaarten","consumerWebCommon.accountModal.mainPage.giftCards":"Redeem a gift card","consumerWebCommon.accountModal.mainPage.rewards":"Beloningen","consumerWebCommon.accountModal.mainPage.selfExclusion":"Exclude alcohol items","consumerWebCommon.accountModal.mainPage.oneTimePayment":"90 Days Free Delivery Pass","consumerWebCommon.accountModal.mainPage.memberships":"{brand, select,\r\n    menulog { Menulog+ Premium }\r\n    justEat { Just Eat+ Premium }\r\n    lieferandoDe { Lieferando+ }\r\n    other { Just Eat+ Premium }\r\n}","consumerWebCommon.accountModal.takeawayPayOverviewPage.heading":"Takeaway Pay","consumerWebCommon.accountModal.registerConfirmationPage.heading":"Mijn rekening","consumerWebCommon.accountModal.countryPage.heading":"Land","consumerWebCommon.accountModal.languagePage.heading":"Taal","consumerWebCommon.accountModal.favouritesPage.heading":"Favorieten","consumerWebCommon.accountModal.favouritesPage.noFavouritesTitle":"Geen favoriete locaties","consumerWebCommon.accountModal.favouritesPage.noFavouritesMessage":"Je hebt momenteel geen favoriete locaties.","consumerWebCommon.accountModal.favouritesPage.browseRestaurants":"Ontdek locaties om bij te bestellen","consumerWebCommon.accountModal.favouritesPage.removeFavourite":"Verwijderen uit favorieten","consumerWebCommon.accountModal.forgotPasswordPage.heading":"Wachtwoord vergeten","consumerWebCommon.accountModal.ordersPage.heading":"Bestellingen","consumerWebCommon.accountModal.ordersPage.noOrdersYet":"Nog geen bestellingen","consumerWebCommon.accountModal.ordersPage.noOrderHistoryAvailable":"Je hebt nog geen bestellingen gedaan.","consumerWebCommon.accountModal.ordersPage.activeOrders":"Actieve bestellingen","consumerWebCommon.accountModal.ordersPage.orderHistory":"Bestelgeschiedenis","consumerWebCommon.accountModal.ordersPage.foodTrackerLinkTitle":"Food Tracker","consumerWebCommon.accountModal.ordersPage.followYourOrder":"Je kunt jouw bestelling volgen met de {foodTrackerLink}.","consumerWebCommon.accountModal.ordersPage.browseRestaurants":"Ontdek locaties","consumerWebCommon.accountModal.ordersPage.cancelledBadge":"Cancelled","consumerWebCommon.accountModal.personalInfoPage.heading":"Persoonlijke informatie","consumerWebCommon.accountModal.personalInfoPage.newsletterHeading":"Berichten met nieuws en kortingen","consumerWebCommon.accountModal.personalInfoPage.loyaltyShopHeading":"Jouw {loyaltyShopName}","consumerWebCommon.accountModal.personalInfoPage.nonLoggedInMessage":"Meld je aan of maak een account om je informatie te zien of te wijzigen.","consumerWebCommon.accountModal.personalInfoPage.subscribeButton":"Inschrijven","consumerWebCommon.accountModal.personalInfoPage.unsubscribeButton":"Uitschrijven","consumerWebCommon.accountModal.personalInfoPage.newsletterLabel":"Ik ontvang graag updates over kortingen{isLoyaltyShopSupported, select, true {, loyaliteitsaanbiedingen,} other {}} en ander nieuws.","consumerWebCommon.accountModal.personalInfoPage.newsletterUpdateSucceeded":"Je voorkeuren zijn geÃ¼pdatet. Het kan tot 72 uur duren voordat de wijzigingen zijn doorgevoerd.","consumerWebCommon.accountModal.personalInfoPage.changePasswordHeader":"Wachtwoord wijzigen","consumerWebCommon.accountModal.personalInfoPage.emailLabel":"E-mail","consumerWebCommon.accountModal.personalInfoPage.nameLabel":"Naam","consumerWebCommon.accountModal.personalInfoPage.guestUserHeading":"Meld je aan of maak een account aan om je persoonlijke informatie te bekijken.","consumerWebCommon.accountModal.personalInfoPage.newsletterDetailedHeading":"Get news and offers by","consumerWebCommon.accountModal.personalInfoPage.textMessageLabel":"Text message","consumerWebCommon.accountModal.personalInfoPage.smsLabel":"SMS","consumerWebCommon.accountModal.personalInfoPage.deleteMyAccount":"Verwijder je account","consumerWebCommon.accountModal.personalInfoPage.partnershipsHeading":"Samenwerkingen \u0026 aanbiedingen","consumerWebCommon.accountModal.personalInfoPage.freeDeliveryPartnership":"Gratis bezorging met {brand} Plus","consumerWebCommon.accountModal.changePasswordPage.heading":"Wachtwoord wijzigen","consumerWebCommon.accountModal.changePasswordPage.currentPassword":"Huidig wachtwoord","consumerWebCommon.accountModal.changePasswordPage.newPassword":"Nieuw wachtwoord","consumerWebCommon.accountModal.changePasswordPage.repeatPassword":"Herhaal nieuwe wachtwoord","consumerWebCommon.accountModal.changePasswordPage.changePassword":"Wachtwoord wijzigen","consumerWebCommon.accountModal.addressesPage.heading":"Adressen","consumerWebCommon.accountModal.orderPage.heading":"Bestelgegevens","consumerWebCommon.accountModal.signInPage.heading":"Inloggen","consumerWebCommon.accountModal.createAccountPage.heading":"Registreren","consumerWebCommon.accountModal.reviewPage.heading":"Voeg beoordeling toe","consumerWebCommon.accountModal.reviewPage.anonymous":"Anoniem","consumerWebCommon.accountModal.reviewPage.customerName":"Getoonde beoordelersnaam:","consumerWebCommon.accountModal.reviewPage.delivery":"Bezorgtijd","consumerWebCommon.accountModal.reviewPage.deliveryTime":"Hoe lang duurde het voordat je bestelling aankwam?","consumerWebCommon.accountModal.reviewPage.deliveryTimeRequired":"Selecteer een bezorgtijd voor je bestelling","consumerWebCommon.accountModal.reviewPage.foodRating":"Kwaliteit","consumerWebCommon.accountModal.reviewPage.foodRatingRequired":"Geef een beoordeling voor de kwaliteit van het eten door op  de bijbehorende sterren te klikken","consumerWebCommon.accountModal.reviewPage.formattedNumber":"{number}{isUnitRequired, select, true {k} other {}}","consumerWebCommon.accountModal.reviewPage.formTitle":"Schrijf een beoordeling","consumerWebCommon.accountModal.reviewPage.labelRemarks":"Vertel ons meer","consumerWebCommon.accountModal.reviewPage.numberOfMinutes":"{numberOfMinutes} minuten","consumerWebCommon.accountModal.reviewPage.orderedNewYearDay":"Notitie van {brand}: Deze bestelling is geplaatst op nieuwjaarsdag. Bezorgtijden zijn dan meestal wat langer wegens drukte.","consumerWebCommon.accountModal.reviewPage.orderedSunday":"Notitie van {brand}: Deze bestelling werd geplaatst op een zondag. Bezorgtijden zijn dan meestal wat langer wegens drukte.","consumerWebCommon.accountModal.reviewPage.pickup":"Ervaring met afhalen","consumerWebCommon.accountModal.reviewPage.selectTimeOption":"selecteer tijd","consumerWebCommon.accountModal.reviewPage.shippingRatingRequired":"Geef een beoordeling voor de bezorging door op  de bijbehorende sterren te klikken","consumerWebCommon.accountModal.reviewPage.submitButton":"Beoordeling plaatsen","consumerWebCommon.accountModal.reviewPage.yourOrder":"Je bestelling: ","consumerWebCommon.accountModal.reviewPage.reviewedBy":"Beoordeling door","consumerWebCommon.accountModal.reviewPage.orderedNewYearDayNew":"Notitie van {brand}: Deze bestelling is geplaatst op nieuwjaarsdag. Bezorgtijden zijn dan meestal wat langer wegens drukte.","consumerWebCommon.accountModal.reviewPage.orderedSundayNew":"Notitie van {brand}: Deze bestelling werd geplaatst op een zondag. Bezorgtijden zijn dan meestal wat langer wegens drukte.","consumerWebCommon.accountModal.reviewPage.submittedModalTitle":"Beoordeling geplaatst","consumerWebCommon.accountModal.reviewPage.successTitle":"Bedankt voor je beoordeling","consumerWebCommon.accountModal.reviewPage.successDescription":"Met jouw beoordeling help je andere mensen om goede locaties te vinden.","consumerWebCommon.accountModal.reviewPage.closeButton":"Sluiten","consumerWebCommon.accountModal.reviewPage.leaveReviewButton":"Schrijf een beoordeling","consumerWebCommon.accountModal.reviewPage.reviewAriaLabel":"{rating} van de 5 sterren","consumerWebCommon.accountModal.reviewPage.ratingDescription1":"Vreselijk","consumerWebCommon.accountModal.reviewPage.ratingDescription2":"Slecht","consumerWebCommon.accountModal.reviewPage.ratingDescription3":"OkÃ©","consumerWebCommon.accountModal.reviewPage.ratingDescription4":"Goed","consumerWebCommon.accountModal.reviewPage.ratingDescription5":"Geweldig","consumerWebCommon.accountModal.reviewPage.title":"Hoi {name}, hoe was je bestelling?","consumerWebCommon.accountModal.reviewPage.submit":"Versturen","consumerWebCommon.accountModal.reviewPage.remarksPlaceholder":"Vertel ons over je ervaring","consumerWebCommon.accountModal.reviewPage.yourReview":"Je beoordeling","consumerWebCommon.accountModal.reviewPage.reviewSubmitted":"Bedankt voor je hulp. Met jouw beoordeling help je andere mensen om goede locaties te vinden.","consumerWebCommon.accountModal.reviewPage.numberOfMins":"{numberOfMinutes} mins","consumerWebCommon.accountModal.reviewPage.pleaseSelectTimeOption":"Maak een keuze","consumerWebCommon.accountModal.reviewPage.oneHour":"1 uur","consumerWebCommon.accountModal.reviewPage.overAnOneHour":"Langer dan een uur","consumerWebCommon.accountModal.reviewPage.deliveryState":"Je bestelling is bezorgd:","consumerWebCommon.accountModal.reviewPage.early":"Vroeg","consumerWebCommon.accountModal.reviewPage.onTime":"Op tijd","consumerWebCommon.accountModal.reviewPage.late":"Laat","consumerWebCommon.accountModal.reviewPage.deliveryTimeOneWeb":"Sorry daarvoor. Hoeveel te laat was het?","consumerWebCommon.accountModal.reviewPage.optional":"Optioneel","consumerWebCommon.accountModal.reviewPage.titleWithoutName":"Hoe was je bestelling?","consumerWebCommon.accountModal.reviewPage.itemRating":"Kwaliteit","consumerWebCommon.accountModal.reviewPage.itemRatingRequired":"Geef een beoordeling voor de kwaliteit van het artikel door op de sterren te klikken.","consumerWebCommon.accountModal.reviewPage.deliveryStateItem":"Je bestelling is bezorgd:","consumerWebCommon.accountModal.reviewPage.titleWithoutNameGrocery":"Hoe was je bestelling?","consumerWebCommon.accountModal.reviewPage.titleGrocery":"Hoi {name}, hoe was je bestelling?","consumerWebCommon.accountModal.reviewPage.collection":"Afhaaltijd","consumerWebCommon.accountModal.reviewPage.replied":"replied","consumerWebCommon.accountModal.reviewPage.deliveryTimeEarlyOneWeb":"Hoeveel te vroeg werd het bezorgd?","consumerWebCommon.accountModal.reviewPage.deliveryTimeLateOneWeb":"Sorry daarvoor. Hoeveel te laat was het?","consumerWebCommon.accountModal.tippingInfoPage.heading":"Over fooi geven","consumerWebCommon.accountModal.tippingPaymentPage.heading":"Geef een fooi","consumerWebCommon.accountModal.deleteAccountPage.heading":"Je account verwijderen","consumerWebCommon.accountModal.deleteAccountPage.content":"{brand} kan bepaalde accountgegevens bewaren nadat je je account hebt verwijderd, zoals vereist of toegestaan door de wet.","consumerWebCommon.accountModal.deleteAccountPage.confirmDeleteAccountBtn":"Verwijder account","consumerWebCommon.accountModal.deleteAccountPage.cancelDeleteAccountBtn":"Annuleren","consumerWebCommon.accountModal.giftCardsPage.heading":"Redeem a gift card","consumerWebCommon.accountModal.giftCardsPage.title":"Your current balance","consumerWebCommon.accountModal.giftCardsPage.description":"This can be used as payment on your order. It cannot be used on cash orders.\r\n","consumerWebCommon.accountModal.giftCardsPage.currentBalance":"Your current balance","consumerWebCommon.accountModal.accountCreditPage.heading":"Account credit","consumerWebCommon.accountModal.accountCreditPage.title":"Your credit","consumerWebCommon.accountModal.accountCreditPage.description":"Check your account credit balance, or add a code or gift card to top it up.","consumerWebCommon.accountModal.accountCreditPage.currentBalance":"Your current balance","consumerWebCommon.accountModal.accountCreditPage.errorTitle":"Something went wrong, sorry","consumerWebCommon.accountModal.accountCreditPage.errorDescription":"It is not you, it is us. Please try again.","consumerWebCommon.accountModal.accountCreditPage.creditBalanceImageAltText":"Credit balance image","consumerWebCommon.accountModal.accountCreditPage.errorImageAltText":"Account credit error image","consumerWebCommon.accountModal.accountCreditPage.loginButton":"Inloggen","consumerWebCommon.accountModal.accountCreditPage.loginButtonLabel":"Log in","consumerWebCommon.accountModal.accountCreditPage.createAccountButtonLabel":"Create an account","consumerWebCommon.accountModal.accountCreditPage.createAccountButton":"Create an account","consumerWebCommon.accountModal.accountCreditPage.loginHeading":"Log in to show your balance","consumerWebCommon.accountModal.accountCreditPage.loginDescription":"Please log in or create an account to show your balance or redeem a code.","consumerWebCommon.accountModal.accountCreditPage.errorButtonText":"Try again","consumerWebCommon.accountModal.rewardsModalPage.heading":"Beloningen","consumerWebCommon.accountModal.rewardsModalPage.stampCardsTileTitle":"StampCards","consumerWebCommon.accountModal.rewardsModalPage.stampCardsTileDescription":"{cardType, select,\r\n    inProgress {{amount} Active StampCards}\r\n    converted {{amount} Ready to claim}\r\n}","consumerWebCommon.accountModal.rewardsModalPage.stampCardsTileImage":"Your StampCards count","consumerWebCommon.accountModal.rewardsPage.discount":"discount","consumerWebCommon.accountModal.rewardsPage.active":"active","consumerWebCommon.accountModal.rewardsPage.stampCardsHeading":"StampCards","consumerWebCommon.accountModal.rewardsPage.noStampcards":"Find out more","consumerWebCommon.accountModal.rewardsPage.accountCredit":"Account credit","consumerWebCommon.accountModal.rewardsPage.redeemAccountCredit":"Redeem","consumerWebCommon.accountModal.rewardsPage.copyButton":"Copy code","consumerWebCommon.accountModal.rewardsPage.unlockHeading":"Ontgrendelen en opslaan","consumerWebCommon.accountModal.rewardsPage.unlockDescription":"Verzamel stempels of gebruik je accounttegoed om te besparen op je volgende bestelling!","consumerWebCommon.accountModal.rewardsPage.createAnAccount":"Account aanmaken","consumerWebCommon.accountModal.rewardsPage.logIn":"Inloggen","consumerWebCommon.accountModal.rewardsPage.promoCode":"Code","consumerWebCommon.accountModal.rewardsPage.itemQuality":"Item","consumerWebCommon.accountModal.rewardsPage.stampCardsTileDescription":"{tileState, select,\r\n    inProgress {{amount} actief}\r\n    converted {{amount, plural,\r\n        one {# korting}\r\n        other {# kortingen}\r\n    }}\r\n    unAuthenticated { Meer informatie }\r\n}","consumerWebCommon.accountModal.rewardsPage.stampCardsTileTitle":"Stempelkaarten","consumerWebCommon.accountModal.rewardsPage.stampCardsTileImage":"Your StampCards Count","consumerWebCommon.accountModal.rewardsPage.accountCreditTileTitle":"Accounttegoed","consumerWebCommon.accountModal.rewardsPage.accountCreditTileDescription":"{tileState, select,\r\n    balance {{amount}}\r\n    unAuthenticated { Nu verzilveren }\r\n    other { Nu verzilveren }\r\n}","consumerWebCommon.accountModal.rewardsPage.jetPayTileTitle":"{brand} Pay","consumerWebCommon.accountModal.rewardsPage.jetPayTileDescription":"{tileState, select,\r\n    balance {{amount}}\r\n    unAuthenticated { Login to Reveal }\r\n    other { Login to Reveal }\r\n}","consumerWebCommon.accountModal.rewardsPage.pointsTileTitle":"Points","consumerWebCommon.accountModal.rewardsPage.pointsTileDescription":"{tileState, select,\r\n    balance {{amount}}\r\n    unAuthenticated { Login to Reveal }\r\n    other {  Login to Reveal  }\r\n}","consumerWebCommon.accountModal.rewardsPage.premiumCardHeading":"Â£0 Delivery Fees","consumerWebCommon.accountModal.rewardsPage.premiumCardDescription":"Unlimited Free Delivery for 90 days with Just Eat+ Premium. T\u0026Cs apply.","consumerWebCommon.accountModal.rewardsPage.premiumCardButton":"Meer ontdekken","consumerWebCommon.accountModal.rewardsPage.premiumCardAltText":"Delivery Cyclist","consumerWebCommon.accountModal.rewardsPage.rewardsSubtitle":"Al je beloningen op Ã©Ã©n plek","consumerWebCommon.accountModal.rewardsPage.stampCardsWidgetTitle":"Mijn stempelkaarten","consumerWebCommon.accountModal.rewardsPage.stampCardsWidgetCTA":"Toon alle","consumerWebCommon.accountModal.rewardsPage.freeDeliveryValidUntil":"Geldig t/m {voucherExpiryDate}","consumerWebCommon.accountModal.rewardsPage.freeDeliveryExpiresToday":"Verloopt **vandaag**","consumerWebCommon.accountModal.rewardsPage.freeDeliveryExpiresTomorrow":"Verloopt **morgen**","consumerWebCommon.accountModal.rewardsPage.premiumHeading":"{amount} bezorgkosten","consumerWebCommon.accountModal.rewardsPage.PremiumTagLine":"met {brand}+ Premium","consumerWebCommon.accountModal.rewardsPage.freeDeliveryExpiresInDaysOrDay":"Nog **{deliveryBenefitExpiresInDays}** dagen geldig ({voucherExpiryDate})","consumerWebCommon.accountModal.rewardsPage.premiumManageBenefit":"Beheer mijn voordeel","consumerWebCommon.accountModal.rewardsPage.premiumExtension":"Verleng dit voordeel bij het afrekenen met {days} dagen voor {amount}","consumerWebCommon.accountModal.rewardsPage.premiumRenewals":"Geen abonnement nodig, geen automatische verlenging.","consumerWebCommon.accountModal.rewardsPage.premiumTerms":"Er gelden Algemene voorwaarden","consumerWebCommon.accountModal.rewardsPage.premiumFindOutMore":"Meer ontdekken","consumerWebCommon.accountModal.rewardsPage.PremiumTagLineWithBrand":"met {brand}","consumerWebCommon.accountModal.campaignDetailsPage.heading":"Details","consumerWebCommon.accountModal.registerGuest.header":"How would you like to continue?","consumerWebCommon.accountModal.registerGuest.firstName":"First name","consumerWebCommon.accountModal.registerGuest.lastName":"Last name","consumerWebCommon.accountModal.registerGuest.continueCta":"Naar menu","consumerWebCommon.accountModal.registerGuest.loginCta":"Login or create an account","consumerWebCommon.accountModal.registerGuest.orText":"Or","consumerWebCommon.accountModal.createGuestAccountPage.heading":"Hoe wil je doorgaan?","consumerWebCommon.accountModal.externalAccountDelinkingPage.benefitsItem1":"Onbeperkt bestellen (minimaal â¬ 15)","consumerWebCommon.accountModal.externalAccountDelinkingPage.benefitsItem2":"Bij alle deelnemende restaurants","consumerWebCommon.accountModal.externalAccountDelinkingPage.benefitsItem3":"Voor de prijs van je Amazon Prime-lidmaatschap","consumerWebCommon.accountModal.externalAccountDelinkingPage.unlinkText":"We verwijzen je door naar de website van Amazon Prime zodat je deze kunt loskoppelen van je {brand}-account. En als je van gedachten verandert, ga je terug naar Amazon Prime om je account opnieuw te koppelen.","consumerWebCommon.accountModal.externalAccountDelinkingPage.unlinkCTA":"Account loskoppelen","consumerWebCommon.accountModal.externalAccountDelinkingPage.benefitsHelpCTA":"Krijg hulp","consumerWebCommon.accountModal.externalAccountDelinkingPage.privacyCTA":"Privacyverklaring","consumerWebCommon.accountModal.externalAccountDelinkingPage.termsCTA":"Algemene voorwaarden","consumerWebCommon.accountModal.externalAccountDelinkingPage.heading":"Onbeperkt gratis bezorgingâ","consumerWebCommon.accountModal.externalAccountDelinkingPage.subtitle":"met {brand} Plus","consumerWebCommon.accountModal.selfExclusionPage.heading":"Exclude alcoholic items","consumerWebCommon.accountModal.alcoholSelfExclusionPage.modalDescription":"You can exclude items containing alcohol from your menus on Menulog for six months or permanently. Once youâve chosen, this canât be reversed.","consumerWebCommon.accountModal.alcoholSelfExclusionPage.buttonSave":"Opslaan","consumerWebCommon.accountModal.alcoholSelfExclusionPage.buttonCancel":"Annuleer","consumerWebCommon.accountModal.alcoholSelfExclusionPage.modalOption1":"Show alcohol","consumerWebCommon.accountModal.alcoholSelfExclusionPage.modalOption2":"Exclude alcohol for 6 months","consumerWebCommon.accountModal.alcoholSelfExclusionPage.modalOption3":"Exclude alcohol permanently\r\n","consumerWebCommon.accountModal.alcoholSelfExclusionPage.confirmationHeading":"Weet je het zeker?","consumerWebCommon.accountModal.alcoholSelfExclusionPage.confirmationDescriptionTemporary":"We'll exclude items containing alcohol from your menus on [Just Eat] for six months. This choice canât be reversed.  Updating your menus could take up to 24 hours. Find out more about how we process your personal data in this privacy statement.","consumerWebCommon.accountModal.alcoholSelfExclusionPage.confirmationDescriptionPermanent":"We'll permanently exclude items containing alcohol from your menus on [Just Eat].   This choice canât be reversed.  Updating your menus could take up to 24 hours.  Find out more about how we process your personal data in this privacy statement.","consumerWebCommon.accountModal.alcoholSelfExclusionPage.alertUnsavedChangesHeading":"Weet je het zeker?","consumerWebCommon.accountModal.alcoholSelfExclusionPage.alertUnsavedChangesDescription":"You have unsaved changes, are you sure you want to go back?","consumerWebCommon.accountModal.alcoholSelfExclusionPage.alertSuccessHeading":"Confirmed","consumerWebCommon.accountModal.alcoholSelfExclusionPage.alertSuccessDescriptionTemporary":"While logged in, you will not see alcohol items displayed within restaurant menus for the next 6 months.  These changes may take 24 hours to take effect.","consumerWebCommon.accountModal.alcoholSelfExclusionPage.alertSuccessDescriptionPermanent":"While logged in, you will not see alcohol items displayed within restaurant menus.  These changes may take 24 hours to take effect.","consumerWebCommon.accountModal.alcoholSelfExclusionPage.alertSuccessRemovalHeading":"Confirmed","consumerWebCommon.accountModal.alcoholSelfExclusionPage.alertSuccessRemovalDescriptionTemporary":"Producten zijn verborgen","consumerWebCommon.accountModal.alcoholSelfExclusionPage.alertErrorHeading":"Error","consumerWebCommon.accountModal.alcoholSelfExclusionPage.alertErrorDescription":"An error has occurred. Please, try again later.\r\n","consumerWebCommon.accountModal.alcoholSelfExclusionPage.buttonExcludeAlcohol":"Yes, exclude alcohol","consumerWebCommon.accountModal.alcoholSelfExclusionPage.selfExclusion":"Exclude alcohol items","consumerWebCommon.accountModal.alcoholSelfExclusionPage.selfExclusionPage":"Exclude alcohol items","consumerWebCommon.accountModal.alcoholSelfExclusionPage.alertShowItemsDescription":"Weâll show alcohol items.","consumerWebCommon.accountModal.alcoholSelfExclusionPage.confirmationDescriptionTemporaryLine1":"We'll exclude items containing alcohol from your menus on Menulog for six months.","consumerWebCommon.accountModal.alcoholSelfExclusionPage.confirmationDescriptionPermanentLine1":"We'll permanently exclude items containing alcohol from your menus on Menulog.","consumerWebCommon.accountModal.alcoholSelfExclusionPage.confirmationDescriptionLine2":"This choice can't be reversed","consumerWebCommon.accountModal.alcoholSelfExclusionPage.confirmationDescriptionLine3":"Updating your menus could take up to 24 hours. Find out more about how we process your personal data in this ","consumerWebCommon.accountModal.alcoholSelfExclusionPage.alertSuccessDescriptionTemporaryLine1":"While logged in, you will not see alcohol items displayed within restaurant menus for the next 6 months","consumerWebCommon.accountModal.alcoholSelfExclusionPage.alertSuccessDescriptionPermanentLine1":"While logged in, you will not see alcohol items displayed within restaurant menus","consumerWebCommon.accountModal.alcoholSelfExclusionPage.alertSuccessDescriptionLine2":"These changes may take 24 hours to take effect","consumerWebCommon.accountModal.alcoholSelfExclusionPage.until":"Until ","consumerWebCommon.accountModal.alcoholSelfExclusionPage.privacyStatement":"privacy statement","consumerWebCommon.accountModal.alcoholSelfExclusionPage.alcoholHeading":"Alcohol","consumerWebCommon.accountModal.alcoholSelfExclusionPage.tobaccoHeading":"Tabak","consumerWebCommon.accountModal.alcoholSelfExclusionPage.buttonGoBack":"buttonGoBack","consumerWebCommon.accountModal.oneTimePaymentPage.heading":"90 Days Free Delivery Pass","consumerWebCommon.accountModal.membershipsPage.heading":"{brand, select,\r\n    menulog {Menulog+ Premium}\r\n    justEat {Just Eat+ Premium}\r\n    lieferandoDe { Lieferando+ }\r\n    other { Just Eat+ Premium }\r\n}","consumerWebCommon.accountModal.membershipsPage.faqsHeading":"FAQs","consumerWebCommon.accountModal.membershipsPage.purchasableTitle":"Wat is het?","consumerWebCommon.accountModal.membershipsPage.purchasableDescription":"Dit voordeel kun je kiezen tijdens het afrekenen. Je krijgt 90 dagen gratis bezorging bij je favoriete winkels en restaurants. Geen abonnement nodig, geen automatische verlenging.","consumerWebCommon.accountModal.membershipsPage.faqsOtpPurchaseQuestion":"Hoe krijg ik 90 dagen gratis bezorging?","consumerWebCommon.accountModal.membershipsPage.faqsOtpPurchaseAnswer":"Als je {brand}+ Premium wilt kopen, voeg je het bij het afrekenen toe aan je bestelling. Je kan dit voordeel zo vaak als je wilt gebruiken voor bestellingen bij deelnemende winkels en restaurants. Aan het einde van de 90 dagen kun je dit voordeel opnieuw kopen tijdens het afrekenen.","consumerWebCommon.accountModal.membershipsPage.faqsOtpCancelQuestion":"Kan ik {brand}+ Premium opzeggen?","consumerWebCommon.accountModal.membershipsPage.faqsOtpCancelAnswer":"Ja, dat kan. Je hebt 14 dagen bedenktijd. Deze start op de dag dat je de pas koopt. Als je je pas tijdens de bedenktijd blijft gebruiken, ga je ermee akkoord dat je je recht op volledige terugbetaling opgeeft. Als je voor annulering kiest, kan de verwerking van de terugbetaling 14 dagen duren. De terugbetaling wordt op de door jou gebruikte betaalmethode gestort.","consumerWebCommon.accountModal.membershipsPage.faqsOtpUsageLimitQuestion":"Wordt er een limiet gesteld aan hoe vaak ik gebruik kan maken van dit voordeel?","consumerWebCommon.accountModal.membershipsPage.faqsOtpUsageLimitAnswer":"Er is geen limiet. Je kan dit voordeel zo vaak als je wilt gebruiken (voor eigen gebruik) bij deelnemende winkels en restaurants.","consumerWebCommon.accountModal.membershipsPage.faqsOtpRepurchaseQuestion":"Hoe krijg ik nog een keer 90 dagen gratis bezorging?","consumerWebCommon.accountModal.membershipsPage.faqsOtpRepurchaseAnswer":"Zodra je voordeel is verlopen kun je het nogmaals kopen tijdens het afrekenen van je volgende bestelling.","consumerWebCommon.accountModal.membershipsPage.activeStatusCardDescription":"Je {brand}+ Premium verloopt op {expiryDate}","consumerWebCommon.accountModal.membershipsPage.activeStatusCardTitle":"Haal er alles uit!","consumerWebCommon.accountModal.membershipsPage.termsAndConditionsLinkText":"Algemene voorwaarden","consumerWebCommon.accountModal.membershipsPage.refundNotificationTitle":"Annulering aangevraagd {date}","consumerWebCommon.accountModal.membershipsPage.refundNotificationDescription":"Als je verzoek wordt geaccepteerd, wordt de terugbetaling binnen 14 dagen op de door jou gebruikte betaalmethode gestort.","consumerWebCommon.accountModal.membershipsPage.benefitsListTitle":"Start saving with Â£0 delivery fees on:","consumerWebCommon.accountModal.membershipsPage.benefitsListItem1":"Een onbeperkt aantal bestellingen (minimaal 15â¬).","consumerWebCommon.accountModal.membershipsPage.benefitsListItem2":"Bij bijna alle winkels en restaurants","consumerWebCommon.accountModal.membershipsPage.benefitsListItem3":"Alle betaalmethoden, behalve contant geld","consumerWebCommon.accountModal.membershipsPage.contactUs":"Neem contact met ons op","consumerWebCommon.accountModal.membershipsPage.cancellationButton":"Annulering aanvragen","consumerWebCommon.accountModal.membershipsPage.faqsOtpCancelAnswerExtra":"Neem {contact} op als je langer dan 14 dagen op je terugbetaling wacht.","consumerWebCommon.accountModal.membershipsPage.faqsOtpNeedHelpQuestion":"Ik heb meer hulp nodig. Wat kan ik doen?","consumerWebCommon.accountModal.membershipsPage.faqsOtpNeedHelpAnswer":"Als je meer informatie nodig hebt, kun je deze vinden op onze helppagina.\r\nJe kunt ons ook een bericht sturen met je vraag. Onze klantenservice zal je bericht bekijken en er binnen 5 werkdagen op antwoorden.","consumerWebCommon.accountModal.membershipsPage.faqsOtpExtendQuestion":"Hoe verleng ik gratis bezorging met nog eens 90 dagen?","consumerWebCommon.accountModal.membershipsPage.faqsOtpExtendAnswer":"Je huidige {brand}+ Premium-voordeelperiode is bijna afgelopen, maar je kunt het met nog eens 90 dagen verlengen door bij het afrekenen een verlenging van 90 dagen aan je bestelling toe te voegen, zodat je van gratis bezorging blijft profiteren. Deze optie komt beschikbaar aan het einde van je huidige 90 dagen, dus maak je geen zorgen als je het nog niet ziet staan. Verlenging van je huidige {brand}+  Premium-voordeel zorgt er alleen voor dat je langer van gratis bezorging profiteert â verder blijven de {brand}+ Premium-voorwaarden gelijk. Als je je huidige voordeel verlengt, kun je die verlenging niet annuleren als je van gedachten verandert, omdat je bedenktijd is afgelopen.\r\n\r\nAls je voordeel al is verlopen, kun je bij het afrekenen van elke bestelling het voordeel opnieuw kopen om te blijven profiteren van gratis bezorging.","consumerWebCommon.accountModal.membershipsPage.getHelp":"helppagina","consumerWebCommon.accountModal.membershipsPage.benefitsListItem1V2":"Een onbeperkt aantal bestellingen (minimaal {amount}).","consumerWebCommon.accountModal.membershipsPage.benefitsListTitleV2":"Bespaar geld met {amount} bezorgkosten bij:","consumerWebCommon.accountModal.membershipsPage.activeStatusCardDescriptionWithBrand":"Je {brand} verloopt op {expiryDate}","consumerWebCommon.accountModal.membershipsPage.faqsOtpExtendAnswerWithBrand":"Je huidige {brand}-voordeelperiode is bijna afgelopen, maar je kunt het met nog eens 90 dagen verlengen door bij het afrekenen een verlenging van 90 dagen aan je bestelling toe te voegen, zodat je van gratis bezorging blijft profiteren. Deze optie komt beschikbaar aan het einde van je huidige 90 dagen, dus maak je geen zorgen als je het nog niet ziet staan. Verlenging van je huidige {brand}+  Premium-voordeel zorgt er alleen voor dat je langer van gratis bezorging profiteert â verder blijven de {brand}-voorwaarden gelijk. Als je je huidige voordeel verlengt, kun je die verlenging niet annuleren als je van gedachten verandert, omdat je bedenktijd is afgelopen.\r\n\r\nAls je voordeel al is verlopen, kun je bij het afrekenen van elke bestelling het voordeel opnieuw kopen om te blijven profiteren van gratis bezorging.","consumerWebCommon.accountModal.membershipsPage.faqsOtpPurchaseAnswerWithBrand":"Als je {brand} wilt kopen, voeg je het bij het afrekenen toe aan je bestelling. Je kan dit voordeel zo vaak als je wilt gebruiken voor bestellingen bij deelnemende winkels en restaurants. Aan het einde van de 90 dagen kun je dit voordeel opnieuw kopen tijdens het afrekenen.","consumerWebCommon.accountModal.membershipsPage.faqsOtpCancelQuestionWithBrand":"Kan ik {brand} opzeggen?","consumerWebCommon.accountModal.membershipsCancellationPage.heading":"Annuleringsverzoek","consumerWebCommon.accountModal.membershipsCancellationPage.cancellationErrorMsg":"Â© Er is iets misgegaan. Probeer het nogmaals","consumerWebCommon.accountModal.membershipsCancellationPage.description":"Als je doorgaat, profiteer je niet meer van gratis bezorging. Het kan dat we het terug te betalen bedrag verminderen in verband met de kosten van reeds geleverde diensten.","consumerWebCommon.accountModal.membershipsCancellationPage.cardDescription":"De terugbetaling wordt binnen 14 dagen op de door jou gebruikte betaalmethode gestort.","consumerWebCommon.accountModal.membershipsCancellationPage.submitButton":"Versturen","consumerWebCommon.accountModal.membershipsCancellationPage.cardTitle":"{brand}+ Premium","consumerWebCommon.accountModal.membershipsCancellationPage.cancellationErrorMsgContact":"Sorry we can't make this work. Please {link} instead.","consumerWebCommon.accountModal.membershipsCancellationPage.cardDates":"Gekocht op: {purchaseDate} Verloopt op: {expiryDate}","consumerWebCommon.accountModal.membershipsCancellationPage.contactUs":"Neem contact met ons op","consumerWebCommon.accountModal.membershipsCancellationPage.cancelSubscriptionButton":"Cancel subscription","consumerWebCommon.accountModal.updateEmailVerificationPage.heading":"Nieuw e-mailadres verifiÃ«ren","consumerWebCommon.user.facebookLogin.buttonText":"Inloggen via Facebook","consumerWebCommon.user.facebookLogin.dividerText":"of","consumerWebCommon.user.forms.email":"E-mailadres","consumerWebCommon.user.forms.password":"Wachtwoord","consumerWebCommon.user.forms.verificationCode":"Verificatie code","consumerWebCommon.user.forms.forgotPassword":"Wachtwoord vergeten?","consumerWebCommon.user.forms.createAccount":"Registreren","consumerWebCommon.user.forms.signIn":"Inloggen","consumerWebCommon.user.forms.yourName":"Naam","consumerWebCommon.user.forms.repeatPassword":"Bevestig wachtwoord","consumerWebCommon.user.forms.newsletter":"Ja, ik wil kortingen, aanbiedingen en andere updates ontvangen.","consumerWebCommon.user.forms.haveAccount":"Ik heb al een account","consumerWebCommon.user.forms.confirmationText":"Gelukt! Je {brand} account is aangemaakt. Nog maar Ã©Ã©n stap te gaan: Bevestig je account door op de bevestigingslink te klikken die we naar {email} hebben verzonden en je account is klaar voor gebruik.","consumerWebCommon.user.forms.back":"Terug","consumerWebCommon.user.forms.emailMissingError":"Vul je gebruikersnaam in (dit is je e-mailadres)","consumerWebCommon.user.forms.emailInvalidError":"Voer een geldig e-mailadres in.","consumerWebCommon.user.forms.passwordMissingError":"Vul je wachtwoord in","consumerWebCommon.user.forms.passwordRepeatNotMatchedError":"Het herhaalde wachtwoord komt niet overeen met het orginele wachtwoord. Controleer dit en probeer het opnieuw.","consumerWebCommon.user.forms.passwordStrengthError":"Je wachtwoord moet tenminste 8 tekens lang zijn, zowel hoofdletters als kleine letters en een cijfer of symbool bevatten.","consumerWebCommon.user.forms.verificationCodeIsExpiredError":"This code is not valid","consumerWebCommon.user.forms.customerNameMissingError":"Vul tenminste een voor of achternaam in","consumerWebCommon.user.forms.forgotPasswordSubmit":"Versturen","consumerWebCommon.user.forms.accountInUseError":"Er bestaat al een account met dat e-mailadres. Probeer een ander e-mailadres of probeer je wachtwoord opnieuw in te stellen.","consumerWebCommon.user.forms.customerNameInvalidError":"Ongeldige gebruikersnaam","consumerWebCommon.user.forms.usernameInvalidError":"Je gebruikersnaam is niet geldig. De gebruikersnaam moet een geldig e-mailadres zijn.","consumerWebCommon.user.forms.privacyStatement":"privacy statement","consumerWebCommon.user.forms.loyaltyShopTermsAndConditions":"algemene voorwaarden punten sparen","consumerWebCommon.user.forms.termsAndConditions":"algemene voorwaarden","consumerWebCommon.user.forms.currentPassword":"Huidig wachtwoord","consumerWebCommon.user.forms.newPassword":"Nieuw wachtwoord","consumerWebCommon.user.forms.saveChangesButton":"Wijzigingen opslaan","consumerWebCommon.user.forms.passwordIncorrectError":"Je huidige wachtwoord is onjuist ingevoerd. Probeer het opnieuw.","consumerWebCommon.user.forms.changePasswordButton":"Wachtwoord wijzigen","consumerWebCommon.user.forms.passwordChangeSucceeded":"Je wachtwoord is gewijzigd.","consumerWebCommon.user.forms.repeatNewPassword":"Herhaal nieuwe wachtwoord","consumerWebCommon.user.forms.fieldMissingError":"Vul alle verplichte velden in","consumerWebCommon.user.forms.newPasswordRepeatNotMatchedError":"De nieuwe wachtwoorden die je hebt ingevoerd komen niet overeen. Probeer het opnieuw.","consumerWebCommon.user.forms.newPasswordMissingError":"Voer een nieuw wachtwoord in.","consumerWebCommon.user.forms.repeatPasswordMissingError":"Herhaal het nieuwe wachtwoord.","consumerWebCommon.user.forms.updateNameButton":"Naam bijwerken","consumerWebCommon.user.forms.updateEmailButton":"Stuur verificatiemail","consumerWebCommon.user.forms.nameInvalidError":"Gebruik geen emojiâs.","consumerWebCommon.user.forms.nameMaxLength":"Gebruik niet meer dan {maxLength} tekens.","consumerWebCommon.user.forms.passwordMatchingError":"Zorg ervoor dat je nieuwe wachtwoord anders is dan het huidige.","consumerWebCommon.user.forms.currentPasswordMissingError":"Voer je huidige wachtwoord in.","consumerWebCommon.user.forms.emailAlreadyExistsError":"Er bestaat al een account met dit e-mailadres.","consumerWebCommon.user.forms.signInWithAnotherEmail":"Log in met een ander e-mailadres","consumerWebCommon.user.forms.createAccountTermsAndConditions":"Door op ''{createAccountLabel}'' te klikken, ga je akkoord met onze {termsAndConditionsLink}{isLoyaltyShopSupported, select, true {, {loyaltyShopTermsAndConditionsLink}} other {}} en {privacyStatementLink}.","consumerWebCommon.user.forms.register":"Registreren","consumerWebCommon.user.forms.emailChangeConfirmationPrompt":"Bevestig het wijzigen van je e-mailadres naar {email} door je wachtwoord in te voeren.","consumerWebCommon.user.forms.emailChangeConfirmationTitle":"Wijzig je e-mailadres","consumerWebCommon.user.forms.emailChangeConfirmationButton":"E-mailadres wijzigen","consumerWebCommon.user.forms.forgotPasswordResetConfirmationTitle":"Wachtwoord resetten","consumerWebCommon.user.forms.savePasswordButton":"Wachtwoord opslaan","consumerWebCommon.user.forms.dividerText":"of","consumerWebCommon.user.forms.updateEmailButtonNoConfirmation":"E-mailadres bijwerken","consumerWebCommon.user.forms.nameWithNumbersInvalidError":"Voeg geen cijfers of emoji toe","consumerWebCommon.user.forms.giftCardsPaycodeIsAlreadyUsed":"Oops, it looks like this Pay Code has already been used. ","consumerWebCommon.user.forms.giftCardsPaycodeExpiredInactive":"Oops, Looks like this Pay Code has expired.","consumerWebCommon.user.forms.giftCardsCardIsAlreadyRedeemed":"It looks like this Gift Card has already been redeemed.","consumerWebCommon.user.forms.giftCardsCardExpired":"It looks like this Gift Card has expired.","consumerWebCommon.user.forms.giftCardsCardBalanceIs0":"Oops, there seems to be no balance left on this Gift Card.","consumerWebCommon.user.forms.giftCardsPinInvalid":"This gift card PIN code is invalid","consumerWebCommon.user.forms.giftCardsNotFound":"We can't seem to find this code. Please check you entered it correctly and try again.","consumerWebCommon.user.forms.giftCardsUnknown":"Oops, something went wrong","consumerWebCommon.user.forms.giftCardsInputGiftCardCodeLabel":"Have a gift card or account credit code?","consumerWebCommon.user.forms.giftCardsInputGiftCardCodePlaceholder":"Enter your PIN or code","consumerWebCommon.user.forms.giftCardsSubmitGiftCardCode":"Redeem","consumerWebCommon.user.forms.giftCardsSubmitSucceeded":"Your Gift Card / Pay Code was successfully redeemed.","consumerWebCommon.user.forms.giftCardsPinInvalidLength":"Your gift card PIN must be 8 or 12 characters long","consumerWebCommon.user.forms.giftCardsPinMissingError":"Enter your 8 or 12 character gift card PIN","consumerWebCommon.user.forms.createAccountTermsAndConditionsOneWeb":"Door een account aan te maken ga je akkoord met onze {termsAndConditionsLink}. Lees onze {privacyStatementLink} en het {cookiePolicyLink}.","consumerWebCommon.user.forms.cookiePolicy":"cookie policy","consumerWebCommon.user.forms.alreadyHaveAnAccount":"Heb je al een account? {signInLink}","consumerWebCommon.user.forms.getUpdatedOnDiscounts":"Get updated on discounts, loyalty offers and other news.","consumerWebCommon.user.forms.termsAndConditionsOneWeb":"Algemene Voorwaarden","consumerWebCommon.user.forms.cookiePolicyOneWeb":"Cookiebeleid","consumerWebCommon.user.forms.privacyStatementOneWeb":"Privacyverklaring","consumerWebCommon.user.forms.accountCreateSuccessful":"Je account is aangemaakt.","consumerWebCommon.user.forms.phoneNumber":"Telefoon","consumerWebCommon.user.forms.updatePhoneNumberButton":"Update phone number","consumerWebCommon.user.forms.changeEmailUrl":"If you'd like to change your email address, {changeEmailUrl}.","consumerWebCommon.user.forms.changeEmailUrlLink":"get in touch with our customer care team","consumerWebCommon.user.forms.accountCreditFormLabel":"Got a code?","consumerWebCommon.user.forms.accountCreditFormPlaceholder":"Enter code","consumerWebCommon.user.forms.accountCreditFormButtonText":"Redeem code","consumerWebCommon.user.forms.phoneMinValidFormat":"Your phone number should be {minCharacters} characters long and shouldn't contain letters or special characters.","consumerWebCommon.user.forms.phoneMax":"Please enter no more than {maxCharacters} characters.","consumerWebCommon.user.forms.redeemCodeNotFound":"Looks like your code is invalid or expired. Make sure you enter the correct code.","consumerWebCommon.user.forms.phoneMaxValidFormat":"Your phone number cannot be more than {maxCharacters} characters long and shouldn't contain letters or special characters.","consumerWebCommon.user.forms.logIn":"Inloggen","consumerWebCommon.user.forms.createAccountImageAlt":"Persoon die viert met een kop koffie en een afhaalzak","consumerWebCommon.user.forms.nameOnlyLettersError":"Gebruik alleen letters in je naam","consumerWebCommon.user.forms.dividerLine":"of","consumerWebCommon.user.forms.logInOrCreateAnAccount":"Inloggen of een account aanmaken","consumerWebCommon.user.forms.createGuestAccountHeader":"Hoe wil je doorgaan?","consumerWebCommon.user.forms.createGuestAccountContinueText":"Ga verder als gast","consumerWebCommon.user.forms.customerFirstNameMissingError":"Vul alstublieft een voornaam in","consumerWebCommon.user.forms.customerLastNameMissingError":"Vul alstublieft een achternaam in","consumerWebCommon.user.forms.createGuestAccountGeneralButton":"Maak een gastaccount aan","consumerWebCommon.user.forms.createGuestAccountMenuButton":"Ga naar het menu","consumerWebCommon.user.forms.createGuestAccountDefaultButton":"Aanmelden als gast","consumerWebCommon.user.forms.updateEmailStampcardNotificationTitle":"Stempelkaarten worden gereset","consumerWebCommon.user.forms.updateEmailStampcardNotificationMessage":"Als je je e-mailadres wijzigt, heb je geen toegang meer tot stempels die je hebt verzameld met eerdere bestellingen.","consumerWebCommon.user.forms.verificationCodeButtonText":"Bevestigen","consumerWebCommon.user.forms.tryAnotherEmailError":"Er is iets misgegaan. Probeer een ander e-mailadres.","consumerWebCommon.user.forms.verificationCodeInvalidError":"Deze code is ongeldig","consumerWebCommon.user.forms.verificationCodeExpiredError":"Deze code is verlopen.","consumerWebCommon.user.forms.tooManyAttemptsError":"Te veel pogingen. Probeer het later opnieuw","consumerWebCommon.user.forms.firstName":"Voornaam","consumerWebCommon.user.forms.lastName":"Achternaam","consumerWebCommon.user.forms.socialEmailChangeBlockedError":"Het e-mailadres dat bij je account hoort, is gekoppeld aan de inloggegevens van je sociale media (bijv. Google, Facebook, Apple) en kan niet veranderd worden.","consumerWebCommon.user.notification.verificationCodeSentTitle":"Verificatie code verzonden","consumerWebCommon.user.notification.verificationCodeSentMessage":"We hebben een email gestuurd met een verificatie code naar: {username}. Deze verificatiecode is {minutes} minuten geldig. Voer deze verificatie code beneden in het formulier in om door te gaan met inloggen.","consumerWebCommon.user.notification.verificationCodeIsExpiredTitle":"Verificatie code verlopen","consumerWebCommon.user.notification.verificationCodeIsExpiredMessage":"De verificatiecode is verlopen. Meld je opnieuw aan en vul de verificatiecode binnen {expiredTime} minuten na verzending in.","consumerWebCommon.user.notification.needsActivationTitle":"Activeer eerst uw account","consumerWebCommon.user.notification.needsActivationMessage":"Bevestig je account om je aan te kunnen melden. Je kunt de bevestigingslink hiervoor in je e-mailpostvak terugvinden.","consumerWebCommon.user.notification.passwordResetRequestedTitle":"Stel wachtwoord opnieuw in","consumerWebCommon.user.notification.passwordResetRequestedMessage":"Je ontvangt een e-mail met herstelinstructies als er met dit e-mailadres al een account bestaat. Kijk eventueel in je spamfolder of je de e-mail ontvangen hebt.","consumerWebCommon.user.notification.registrationSuccessfulTitle":"Je bent succesvol geregistreerd","consumerWebCommon.user.notification.registrationSuccessfulMessage":"Gelukt! Je {brand} account is aangemaakt. Nog maar Ã©Ã©n stap te gaan: Bevestig je account door op de bevestigingslink te klikken die we naar {email} hebben verzonden en je account is klaar voor gebruik.","consumerWebCommon.user.notification.unknownError":"Er helaas is iets fout gegaan. Probeer het opnieuw of neem contact op met de klantenservice.","consumerWebCommon.user.notification.emailChangeSuccessfulMessage":"Klik op de verificatielink in je {email} om je e-mailadres te updaten.","consumerWebCommon.user.notification.emailChangeConfirmationSuccessfulMessage":"Je hebt je e-mailadres gewijzigd! Je kunt nu inloggen met je nieuwe e-mailadres.","consumerWebCommon.user.notification.registrationMessageWithout2FASuccessful":"Gelukt! Je {brand} account is aangemaakt.","consumerWebCommon.user.notification.forgotPasswordResetConfirmationExpired":"De link is verlopen. Vul je e-mailadres in voor een nieuwe link.","consumerWebCommon.user.notification.forgotPasswordResetConfirmationSucceeded":"Je wachtwoord is bijgewerkt. Je kunt je nu aanmelden.","consumerWebCommon.user.notification.emailChangeSucceeded":"Je e-mailadres is gewijzigd.","consumerWebCommon.user.notification.verificationCodeSentGenericMessage":"We hebben je een verificatiecode gestuurd naar {username}. \r\nDe code is {minutes} minuten geldig. Als je hem niet kunt vinden, controleer dan je ongewenste e-mail.","consumerWebCommon.user.socialMediaSignIn.signInWithProvider":"Doorgaan met {provider}","consumerWebCommon.user.socialMediaSignIn.dividerText":"of","consumerWebCommon.user.forgotPassword.goToLogin":"Ga naar inloggen","consumerWebCommon.user.forgotPassword.tryAnotherEmail":"Probeer een ander e-mailadres","consumerWebCommon.user.forgotPassword.forgotPasswordConfirmationHeader":"Wachtwoord resetten","consumerWebCommon.user.forgotPassword.forgotPasswordConfirmationContent":"Als er een account bestaat met dit e-mailadres, mailen we instructies om je wachtwoord te resetten. Niets ontvangen? Kijk in je ongewenste e-mail.","consumerWebCommon.user.forgotPassword.pageTitle":"Wachtwoord vergeten","consumerWebCommon.languageSelector.common.label":"Kies land of taal","consumerWebCommon.languageSelector.countryList.heading":"Land","consumerWebCommon.languageSelector.countryList.nl":"Nederland","consumerWebCommon.languageSelector.countryList.be":"BelgiÃ«","consumerWebCommon.languageSelector.countryList.de":"Duitsland","consumerWebCommon.languageSelector.countryList.pl":"Polen","consumerWebCommon.languageSelector.countryList.at":"Oostenrijk","consumerWebCommon.languageSelector.countryList.ch":"Zwitserland","consumerWebCommon.languageSelector.countryList.lu":"Luxemburg","consumerWebCommon.languageSelector.countryList.pt":"Portugal","consumerWebCommon.languageSelector.countryList.bg":"Bulgarije","consumerWebCommon.languageSelector.countryList.ro":"RoemeniÃ«","consumerWebCommon.languageSelector.countryList.il":"IsraÃ«l","consumerWebCommon.languageSelector.countryList.fr":"Frankrijk","consumerWebCommon.languageSelector.countryList.no":"Noorwegen","consumerWebCommon.languageSelector.countryList.dk":"Denemarken","consumerWebCommon.languageSelector.languageList.heading":"Taal","consumerWebCommon.scrollToTop.common.label":"Scrol naar de bovenkant van de pagina","consumerWebCommon.header.buttons.backButtonCheckout":"Terug naar menu","consumerWebCommon.header.buttons.backButtonRestaurant":"Terug naar de beginpagina","consumerWebCommon.header.buttons.backButtonMenu":"Vind restaurants bij jou in de buurt","consumerWebCommon.header.buttons.backButtonOrderConfirmation":"Terug naar menu","consumerWebCommon.header.buttons.homeButton":"Homepage","consumerWebCommon.header.buttons.backButtonRestaurantList":"{brand}, Terug naar de beginpagina","consumerWebCommon.header.buttons.accountButton":"{brand}, Back to previous page","consumerWebCommon.header.accountLink.toggle":"Mijn account","consumerWebCommon.stampCard.card.onlyXStampsToGo":"Nog maar {stampsToGo, select, 1 {1 bestelling} other {{stampsToGo} bestellingen}} te gaan!","consumerWebCommon.stampCard.card.startSavingNow":"Begin nu met sparen!","consumerWebCommon.stampCard.card.redeemAndOrderNow":"Bestel nu","consumerWebCommon.stampCard.card.yourAmountVoucher":"Jouw {amount} voucher","consumerWebCommon.stampCard.card.validUntil":"Geldig tot: {date}","consumerWebCommon.stampCard.card.exampleBlankTitle":"Verdien een stempelkaartenkorting","consumerWebCommon.stampCard.card.exampleBlankDescription":"Bestel 5 keer bij een deelnemend restaurant â­om een korting op een toekomstige bestelling te ontvangen","consumerWebCommon.stampCard.card.noStampCardsButtonText":"Vind deelnemende restaurants","consumerWebCommon.footer.links.recommendRestaurant":"Restaurant aanbevelen","consumerWebCommon.footer.links.signUpRestaurant":"Restaurant aanmelden","consumerWebCommon.footer.links.jobs":"Vacatures","consumerWebCommon.footer.links.termsAndConditions":"Algemene voorwaarden","consumerWebCommon.footer.links.privacyStatement":"Privacy statement","consumerWebCommon.footer.links.colophon":"Colofon","consumerWebCommon.footer.links.cookieStatement":"Cookieverklaring","consumerWebCommon.footer.links.bugBounty":"Bug Bounty","consumerWebCommon.footer.links.ethicsHotline":"Ethiek-hotline","consumerWebCommon.footer.links.recommendBusiness":"Een bedrijf aanbevelen","consumerWebCommon.footer.links.listYourBusiness":"Meld je bedrijf aan","consumerWebCommon.footer.links.checkCookiePreferences":"Bekijk mijn cookievoorkeuren","consumerWebCommon.footer.links.legalInfo":"Legal Info","consumerWebCommon.footer.links.legalInformation":"Juridische informatie","consumerWebCommon.footer.links.accessibilityStatement":"Toegankelijkheid","consumerWebCommon.locationPanel.panel.title":"Voer je locatie in","consumerWebCommon.locationPanel.panel.recent":"Recent","consumerWebCommon.locationPanel.panel.suggestions":"Suggesties","consumerWebCommon.locationPanel.panel.myLocation":"Mijn locatie","consumerWebCommon.locationPanel.panel.savedAddress":"Opgeslagen adres","consumerWebCommon.locationPanel.panel.emptyAddressToggleText":"Waar wil je eten bestellen?","consumerWebCommon.locationPanel.panel.noDeliveryAreaError":"Geen bezorggebied gevonden. Probeer een volledig adres met huisnummer.","consumerWebCommon.locationPanel.panel.searchButton":"Zoek","consumerWebCommon.locationPanel.panel.searchForLocation":"Locatie zoeken","consumerWebCommon.locationPanel.panel.clearSearch":"Wist de ingevoerde zoektekst","consumerWebCommon.locationPanel.panel.streetNumberTitle":"Help ons om je te vinden","consumerWebCommon.locationPanel.panel.streetNumberDescription":"Vertel ons waar op {formattedAddress} je bent om nauwkeurigere zoekresultaten, bezorgtijden en bezorgkosten te krijgen.","consumerWebCommon.locationPanel.panel.streetNumberInputLabel":"Voer naam of nummer van gebouw in","consumerWebCommon.locationPanel.panel.streetNumberButton":"Bevestig adres","consumerWebCommon.locationPanel.panel.addressPlaceholderGeneric":"Volledig adres","consumerWebCommon.locationPanel.panel.yourAddresses":"Je adressen","consumerWebCommon.locationPanel.panel.recentSearch":"Recente zoekopdracht","consumerWebCommon.locationPanel.panel.ShowAll":"Toon alles","consumerWebCommon.locationPanel.panel.ShowLess":"Toon minder","consumerWebCommon.locationPanel.panel.done":"Klaar","consumerWebCommon.locationPanel.panel.edit":"Bewerken","consumerWebCommon.locationPanel.searchField.addressPlaceholder":"Adres, b.v. {address}","consumerWebCommon.locationPanel.searchField.searchForLocation":"Locatie zoeken","consumerWebCommon.locationPanel.searchField.clearsSearch":"Wist de ingevoerde zoektekst","consumerWebCommon.locationPanel.searchField.searchButton":"Zoek","consumerWebCommon.locationPanel.searchField.clearSearch":"Wist de ingevoerde zoektekst","consumerWebCommon.locationPanel.suggestionList.didYouMean":"Bedoelde je?","consumerWebCommon.locationPanel.notification.invalidAddressError":"Geef alsjeblieft een juist adres in.","consumerWebCommon.locationPanel.notification.noDeliveryAreaError":"Geen bezorggebied gevonden. Probeer een volledig adres met huisnummer.","consumerWebCommon.locationPanel.notification.googleSdkCouldNotBeConnected":"Er is een onbekende fout opgetreden","consumerWebCommon.locationPanel.notification.locationCouldNotBeFoundError":"Helaas, je locatie kon niet op tijd gevonden worden. Probeer het later nogmaals.","consumerWebCommon.locationPanel.notification.unsupportedAddress":"Vul je straatnaam en huisnummer in.","consumerWebCommon.locationPanel.notification.noResultsForDeliveryArea":"Helaas hebben we geen resultaten gevonden voor jouw adres.","consumerWebCommon.restaurantCard.aria.showMenu":"Toont menu voor restaurant {restaurant}","consumerWebCommon.restaurantCard.aria.showItems":"Toon producten van {restaurant}","consumerWebCommon.restaurantCard.badge.favourite":"Favoriet","consumerWebCommon.restaurantCard.badge.new":"Nieuw","consumerWebCommon.restaurantCard.badge.popular":"Tip","consumerWebCommon.restaurantCard.badge.sponsored":"Gesponsord","consumerWebCommon.restaurantCard.badge.stampCards":"Stempelkaart","consumerWebCommon.restaurantCard.badge.offer":"Aanbieding","consumerWebCommon.restaurantCard.deliveryCosts.free":"GRATIS","consumerWebCommon.restaurantCard.deliveryCosts.deliveryCostFrom":"{fee} bezorging vanaf {costs}","consumerWebCommon.restaurantCard.deliveryCosts.freeDeliveryFrom":"Gratis bezorging vanaf {costs}","consumerWebCommon.restaurantCard.deliveryCosts.freeDelivery":"Gratis bezorging","consumerWebCommon.restaurantCard.deliveryCosts.freeCapitalized":"Gratis","consumerWebCommon.restaurantCard.deliveryCosts.ariaLabel":"Delivery cost {deliveryCost}","consumerWebCommon.restaurantCard.deliveryCosts.iconAriaLabel":"Bezorgkosten {fee}","consumerWebCommon.restaurantCard.deliveryCosts.freeDeliveryAvailable":"Gratis bezorging beschikbaar","consumerWebCommon.restaurantCard.deliveryCosts.deliveryFrom":"Delivery from","consumerWebCommon.restaurantCard.deliveryCosts.delivery":"Bezorging","consumerWebCommon.restaurantCard.deliveryCosts.freeCapitalised":"Gratis","consumerWebCommon.restaurantCard.deliveryCosts.infoIconButton":" Meer info","consumerWebCommon.restaurantCard.mov.min":"Min. {mov}","consumerWebCommon.restaurantCard.mov.ariaLabel":"Minimum order amount: {movAmount}","consumerWebCommon.restaurantCard.mov.noMinOrder":"Geen minimum bestelbedrag","consumerWebCommon.restaurantCard.shippingTime.closedForDelivery":"Gesloten voor bezorging","consumerWebCommon.restaurantCard.shippingTime.closedForPickup":"Gesloten voor afhalen","consumerWebCommon.restaurantCard.shippingTime.durationInMinutes":"{duration} min","consumerWebCommon.restaurantCard.shippingTime.preorder":"Vanaf {time}","consumerWebCommon.restaurantCard.shippingTime.ariaLabel":"Delivery time {duration}","consumerWebCommon.restaurantCard.shippingTime.deliveryPreorder":"Bezorgen vanaf {time}","consumerWebCommon.restaurantCard.shippingTime.deliveryDurationInMinutes":"Bezorgen in {duration} min","consumerWebCommon.restaurantCard.shippingTime.pickupDurationInMinutes":"Afhalen over {duration} min","consumerWebCommon.restaurantCard.shippingTime.pickupPreorder":"Afhalen vanaf {time}","consumerWebCommon.restaurantCard.shippingTime.collectionDurationInMinutes":"Collection in {duration} min","consumerWebCommon.restaurantCard.shippingTime.collectionPreorder":"Collection from {time}","consumerWebCommon.restaurantCard.shippingTime.closedForCollection":"Gesloten voor afhalen","consumerWebCommon.restaurantCard.sponsored.label":"Gesponsord","consumerWebCommon.restaurantCard.supports.stampCards":"Stempelkaart","consumerWebCommon.restaurantCard.ratings.ariaLabel":"Restaurant ratings {ratings},","consumerWebCommon.restaurantCard.ratings.ariaLabelRatings":"Beoordelingen {restaurant}","consumerWebCommon.restaurantCard.reviews.ariaLabel":"Restaurant reviews {reviews},","consumerWebCommon.restaurantCard.reviews.ariaLabelReviews":"Beoordelingen {restaurant}","consumerWebCommon.restaurantCard.serviceCharge.text":"Servicekosten {amount}","consumerWebCommon.restaurantCard.fees.serviceCharge":"Servicekosten {amount}","consumerWebCommon.restaurantCard.fees.addedFeesApply":"Extra kosten worden in rekening gebracht","consumerWebCommon.restaurantCard.deliveringSource.deliveredBy":"Bezorgd door {brandName}","consumerWebCommon.restaurantCard.variableServiceFee.variableServiceFeeText":"Service Charge {percentage} % (min {minAmount}, max {maxAmount})","consumerWebCommon.restaurantCard.variableServiceFee.serviceFeeText":"Service Fee {percentage} % (min {minAmount}, max {maxAmount})","consumerWebCommon.notification.texts.invalidVoucher":"De ingevoerde vouchercode is ongeldig.","consumerWebCommon.notification.texts.unknownErr":"Er helaas is iets fout gegaan. Probeer het opnieuw of neem contact op met de klantenservice.","consumerWebCommon.notification.texts.technicalDifficulties":"Helaas zijn er op dit moment technische problemen. Het is op dit moment niet mogelijk om bij dit restaurant te bestellen. Probeer het later opnieuw.","consumerWebCommon.notification.texts.restaurantIsClosedLink":"selecteer een ander restaurant","consumerWebCommon.notification.texts.restaurantIsClosed":"{restaurantName} is momenteel gesloten. Probeer het later of ","consumerWebCommon.notification.texts.restaurantIsClosing":"Het {restaurantName} gaat zo sluiten. We verversen de pagina om te garanderen dat je kunt bestellen.","consumerWebCommon.notification.texts.canNotFetchUserData":"Sorry, we kunnen je gegevens op dit moment niet laden. Bestel als gast of probeer het later opnieuw.","consumerWebCommon.notification.texts.voucherRestoreFailed":"Voucher kon niet gebruikt worden. Probeer het later nog eens.","consumerWebCommon.notification.texts.addingItemFromDifferentTimeSpan":"Het item kan niet worden toegevoegd aan het winkelmandje omdat het al een item bevat dat gekoppeld is aan een andere tijdsgebonden categorie.","consumerWebCommon.notification.texts.addingNotAvailableItem":"Het item kan niet worden toegevoegd aan het winkelmandje omdat het nu niet beschikbaar is.","consumerWebCommon.notification.texts.voucherCodeWasCopiedToClipboard":"Jouw voucher met code {voucherCode} is gekopieerd naar het klembord.","consumerWebCommon.notification.texts.personalInfoUpdateSucceeded":"Je gegevens zijn bijgewerkt.","consumerWebCommon.notification.texts.passwordUpdateSucceeded":"Je wachtwoord is gewijzigd.","consumerWebCommon.notification.texts.signInIncorrect":"Er was een probleem met je aanmelding. Controleer je e-mail en wachtwoord.","consumerWebCommon.notification.texts.socialSignInDefaultError":"Social login is op dit moment niet beschikbaar. Probeer het later nog eens.","consumerWebCommon.notification.texts.googleSignInFailed":"Google sign in failed","consumerWebCommon.notification.texts.socialSignInMissingEmailError":"Je e-mailadres kan niet gelezen worden van {socialPlatform}. Controleer of je  {socialPlatform} account up-to-date is en probeer het nogmaals.","consumerWebCommon.notification.texts.foodTrackerSharingURLCopiedToClipboard":"Link gekopieerd","consumerWebCommon.notification.texts.signedOut":"Je bent automatisch afgemeld om veiligheidsredenen. Meld je opnieuw aan.","consumerWebCommon.notification.texts.reviewIsReceivedSuccessfully":"Your review has been added successfully","consumerWebCommon.notification.texts.reviewSubmitIsFailed":"Er helaas is iets fout gegaan. Probeer het opnieuw of neem contact op met de klantenservice.","consumerWebCommon.notification.texts.addressCouldNotBeSet":"Your address information couldn't been set successfully.","consumerWebCommon.notification.texts.basketUpdated":"Je winkelmandje is bijgewerkt","consumerWebCommon.notification.texts.itemChoicesUpdateSucceeded":"Je winkelmandje is bijgewerkt","consumerWebCommon.notification.texts.itemChoicesUpdateFailed":"We konden je winkelmandje niet bijwerken. Probeer het opnieuw","consumerWebCommon.notification.texts.reorderMissingProducts":"Een of meerdere van de producten die je opnieuw wilde bestellen zijn niet langer beschikbaar.","consumerWebCommon.notification.texts.forgotPasswordConfirmationExpired":"De link is verlopen. Vul je e-mailadres in voor een nieuwe link.","consumerWebCommon.notification.texts.accountVerificationSucceeded":"Je account is geverifieerd. Log in om aan de slag te gaan.","consumerWebCommon.notification.texts.accountVerificationExpired":"Deze link is verlopen. Log in voor een nieuwe link.","consumerWebCommon.notification.texts.accountDeleteSucceeded":"Je account is verwijderd","consumerWebCommon.notification.texts.signOutAfterPasswordUpdated":"You have been automatically signed out for security reasons. Please sign in again with your new password.","consumerWebCommon.notification.texts.groupOrderCanceled":"Your group order was cancelled","consumerWebCommon.notification.texts.requiredFieldsMissing":"Please complete mandatory fields.","consumerWebCommon.notification.texts.somethingWentWrongError":"Er ging iets fout, probeer het opnieuw.","consumerWebCommon.notification.texts.checkNetworkError":"Controleer je netwerk en probeer het opnieuw.","consumerWebCommon.notification.adyen.unknownError":"Er helaas is iets fout gegaan. Probeer het opnieuw of neem contact op met de klantenservice.","consumerWebCommon.appBanner.text.title":"Eten bestellen met je {device}","consumerWebCommon.appBanner.text.freeDownload":"GRATIS - In de {store}","consumerWebCommon.appBanner.text.download":"Bekijken","consumerWebCommon.appBanner.text.close":"Sluiten","consumerWebCommon.modal.header.back":"Terug","consumerWebCommon.modal.header.close":"Sluiten","consumerWebCommon.pages.notFoundError.title":"Oeps!","consumerWebCommon.pages.notFoundError.subheading":"We kunnen die pagina niet vinden.","consumerWebCommon.pages.notFoundError.message":"Maar er is nog veel meer om te zien!","consumerWebCommon.pages.notFoundError.cta":"Ontdek","consumerWebCommon.pages.unknownError.title":"Foutpagina","consumerWebCommon.pages.unknownError.message":"Er is een onbekende fout opgetreden. Probeer het later nogmaals.","consumerWebCommon.pages.unknownError.subheading":"Er is helaas iets misgegaan.","consumerWebCommon.pages.unknownError.cta":"Laad pagina opnieuw","consumerWebCommon.pages.pointsSunset.heading":"{pointsBrand} is niet meer beschikbaar","consumerWebCommon.pages.pointsSunset.body":"[line]Ons {pointsBrand}-programma is op {closureDate} gesloten. Helaas kan je geen gebruik meer maken van je punten â de aanbiedingen die je eerder hebt verzilverd zijn uiteraard nog gewoon geldig. Let wel even goed op de vervaldatum van je voucher. [/line]\r\n\r\n[line]Je vindt nog steeds heel veel andere aanbiedingen en deals op {brand}, zoals het [stampCardsLink]stempelkaartenprogramma[/stampCardsLink]. Check de app of schrijf je in voor de nieuwsbrief om op de hoogte te blijven van lekkere kortingen.[/line]\r\n\r\n[line]En natuurlijk kan je [serpLink]hier[/serpLink] zoals altijd je favoriete gerechten van je lievelingsrestaurants bij ons bestellen.[/line]\r\n\r\n[line]Meer weten over de sluiting van ons {pointsBrand}-programma? Ga dan naar de [faqsLink]veelgestelde vragen[/faqsLink]. [/line]\r\n","consumerWebCommon.pages.pointsSunset.title":" {pointsBrand} is niet meer beschikbaar","consumerWebCommon.pages.giftCardsSunset.title":"We will no longer be selling Just Eat gift cards in France.","consumerWebCommon.pages.giftCardsSunset.body":"We will no longer be selling Just Eat gift cards in France. However, any outstanding balances on existing gift cards can still be redeemed as usual.","consumerWebCommon.pages.challengeModal.title":"Autoriseren","consumerWebCommon.forms.labels.optional":"{label} (optioneel)","consumerWebCommon.password.strengthBar.passwordStrength":"Wachtwoord sterkte:","consumerWebCommon.password.strengthBar.medium":"Middelmatig","consumerWebCommon.password.strengthBar.strong":"Sterk","consumerWebCommon.password.strengthBar.weak":"Te zwak","consumerWebCommon.password.field.showPassword":"Laat wachtwoord zien","consumerWebCommon.password.field.hidePassword":"Verberg wachtwoord","consumerWebCommon.privacySettings.text.link":"Meer informatie.","consumerWebCommon.privacySettings.text.close":"Sluiten","consumerWebCommon.privacySettings.text.ok":"OK","consumerWebCommon.privacySettings.text.okButtonContext":"OkÃ©. Accepteer cookiebeleid.","consumerWebCommon.privacySettings.text.body":"Wij gebruiken cookies en andere technologieÃ«n om uw gebruikerservaring te verbeteren, te personaliseren, analyses voor optimalisatie en advertenties in samenwerking met derde partijen. Wij gebruiken onze eigen cookies en cookies van derde partijen. Door op OK te klikken accepteert u het gebruik van alle cookies. Wij plaatsen altijd noodzakelijke cookies. Selecteer {manageYourPreferences} om te kiezen welke cookies u wilt accepteren, om uw voorkeur aan te passen en voor meer informatie.","consumerWebCommon.privacySettings.text.manageYourPreferences":"Voorkeuren beheren","consumerWebCommon.privacySettings.text.functionalConsentAria":"EssentiÃ«le cookie-pakket accepteren","consumerWebCommon.privacySettings.text.essential":"EssentiÃ«le","consumerWebCommon.privacySettings.text.fullConsentAria":"Alle cookies accepteren","consumerWebCommon.privacySettings.text.onlyNecessary":"Alleen noodzakelijke","consumerWebCommon.privacySettings.text.onlyNecessaryAria":"Alleen noodzakelijk cookie-pakket accepteren","consumerWebCommon.example.searchBar.searchTermRequired":"Een zoekterm is verplicht","consumerWebCommon.shippingType.types.delivery":"bezorgen","consumerWebCommon.shippingType.types.pickup":"afhalen","consumerWebCommon.shippingType.types.collection":"afhalen","consumerWebCommon.shippingType.types.capitalizedCollection":"Afhalen","consumerWebCommon.shippingType.types.capitalizedDelivery":"Bezorgen","consumerWebCommon.shippingType.types.capitalizedPickup":"Afhalen","consumerWebCommon.shippingType.types.defaultCollectionTime":"15 min","consumerWebCommon.shippingType.types.defaultPickupTime":"15 min","consumerWebCommon.shippingType.types.preorderTime":"vanaf {time}","consumerWebCommon.shippingType.types.shippingTypeDuration":"{duration} min","consumerWebCommon.shippingType.types.unavailableLabel":"Niet beschikbaar","consumerWebCommon._shared.forms.optionalLabelSuffix":"{label} (optioneel)","consumerWebCommon._shared.forms.passwordShow":"Laat wachtwoord zien","consumerWebCommon._shared.forms.passwordHide":"Verberg wachtwoord","consumerWebCommon._shared.forms.passwordStrengthError":"Je wachtwoord moet tenminste 8 tekens lang zijn, zowel hoofdletters als kleine letters en een cijfer of symbool bevatten.","consumerWebCommon._shared.forms.newPasswordRepeatNotMatchedError":"De nieuwe wachtwoorden die je hebt ingevoerd komen niet overeen. Probeer het opnieuw.","consumerWebCommon._shared.forms.newPassword":"Nieuw wachtwoord","consumerWebCommon._shared.forms.repeatPassword":"Bevestig wachtwoord","consumerWebCommon._shared.forms.newPasswordMissingError":"Voer een nieuw wachtwoord in.","consumerWebCommon._shared.forms.repeatPasswordMissingError":"Herhaal het nieuwe wachtwoord.","consumerWebCommon._shared.forms.confirmPassword":"Bevestig wachtwoord","consumerWebCommon._shared.forms.repeatNewPassword":"Herhaal nieuwe wachtwoord","consumerWebCommon._shared.forms.yourName":"Naam","consumerWebCommon._shared.forms.currentPassword":"Wachtwoord","consumerWebCommon._shared.forms.forgotPassword":"Wachtwoord vergeten?","consumerWebCommon._shared.forms.currentPasswordMissingError":"Voer je huidige wachtwoord in.","consumerWebCommon._shared.forms.passwordMissingError":"Vul je wachtwoord in.","consumerWebCommon._shared.forms.optionalLabel":"Optioneel","consumerWebCommon._shared.paymentMethods.bancontact":"Bancontact / Mister Cash","consumerWebCommon._shared.paymentMethods.iDEAL":"iDeal","consumerWebCommon._shared.paymentMethods.bitpay":"Bitpay","consumerWebCommon._shared.paymentMethods.creditcard":"creditcard","consumerWebCommon._shared.paymentMethods.eps":"EPS","consumerWebCommon._shared.paymentMethods.paypal":"PayPal","consumerWebCommon._shared.paymentMethods.sodexo":"Sodexo","consumerWebCommon._shared.paymentMethods.sofortueberweisung":"Klarna","consumerWebCommon._shared.paymentMethods.bitcoin":"Bitcoin","consumerWebCommon._shared.paymentMethods.payU":"PayU","consumerWebCommon._shared.paymentMethods.bancontactAtHome":"Bancontact / Mister Cash","consumerWebCommon._shared.paymentMethods.mastercard":"Mastercard","consumerWebCommon._shared.paymentMethods.visa":"VISA","consumerWebCommon._shared.paymentMethods.applePay":"Apple Pay","consumerWebCommon._shared.paymentMethods.cash":"Contant","consumerWebCommon._shared.paymentMethods.accountcredit":"Account Credit","consumerWebCommon._shared.paymentMethods.americanExpress":"American Express","consumerWebCommon._shared.paymentMethods.androidPay":"Google Pay","consumerWebCommon._shared.promotions.becomeACourier":"Word bezorger","consumerWebCommon._shared.promotions.becomeACourierAria":"Read about becoming a courier","consumerWebCommon._shared.promotions.corporateOrdering":"Zakelijk bestellen","consumerWebCommon._shared.promotions.partnerWithUs":"Word partner","consumerWebCommon.countryAndLanguageSelector.common.label":"Kies land of taal","consumerWebCommon.countryAndLanguageSelector.countryList.at":"Oostenrijk","consumerWebCommon.countryAndLanguageSelector.countryList.be":"BelgiÃ«","consumerWebCommon.countryAndLanguageSelector.countryList.bg":"Bulgarije","consumerWebCommon.countryAndLanguageSelector.countryList.ch":"Zwitserland","consumerWebCommon.countryAndLanguageSelector.countryList.de":"Duitsland","consumerWebCommon.countryAndLanguageSelector.countryList.dk":"Denemarken","consumerWebCommon.countryAndLanguageSelector.countryList.fr":"Frankrijk","consumerWebCommon.countryAndLanguageSelector.countryList.heading":"Land","consumerWebCommon.countryAndLanguageSelector.countryList.il":"IsraÃ«l","consumerWebCommon.countryAndLanguageSelector.countryList.lu":"Luxemburg","consumerWebCommon.countryAndLanguageSelector.countryList.nl":"Nederland","consumerWebCommon.countryAndLanguageSelector.countryList.no":"Noorwegen","consumerWebCommon.countryAndLanguageSelector.countryList.pl":"Polen","consumerWebCommon.countryAndLanguageSelector.countryList.pt":"Portugal","consumerWebCommon.countryAndLanguageSelector.countryList.ro":"RoemeniÃ«","consumerWebCommon.countryAndLanguageSelector.countryList.au":"AustraliÃ«","consumerWebCommon.countryAndLanguageSelector.countryList.ca":"Canada","consumerWebCommon.countryAndLanguageSelector.countryList.es":"Spanje","consumerWebCommon.countryAndLanguageSelector.countryList.gb":"Verenigd Koninkrijk","consumerWebCommon.countryAndLanguageSelector.countryList.ie":"Ierland","consumerWebCommon.countryAndLanguageSelector.countryList.it":"ItaliÃ«","consumerWebCommon.countryAndLanguageSelector.countryList.nz":"Nieuw-Zeeland","consumerWebCommon.countryAndLanguageSelector.countryList.sk":"Slowakije","consumerWebCommon.countryAndLanguageSelector.countryList.us":"Verenigde Staten","consumerWebCommon.countryAndLanguageSelector.languageList.heading":"Taal","consumerWebCommon.format.dateTime.at":"{date} om {time}","consumerWebCommon.common.actions.remove":"Verwijderen","consumerWebCommon.common.counts.paginationCount":"{a} van {b}","consumerWebCommon.common.skipLink.buttonLabel":"Overslaan naar hoofdinhoud","consumerWebCommon.voucher.common.insufficientCreditError":"De ingevoerde vouchercode is niet langer geldig omdat alle tegoeden verbruikt zijn.","consumerWebCommon.seo.pageTitleDefault.bg":"{siteName} | Gemakkelijk \u0026 snel eten bestellen","consumerWebCommon.seo.pageTitleDefault.ro":"{siteName} | Gemakkelijk \u0026 snel eten bestellen","consumerWebCommon.seo.pageTitleDefault.nl":"Bestel eten, boodschappen en meer | {siteName}","consumerWebCommon.seo.pageTitleDefault.de":"{siteName} | Gemakkelijk \u0026 snel eten bestellen","consumerWebCommon.seo.pageTitleDefault.be":"{siteName} | Gemakkelijk \u0026 snel eten bestellen","consumerWebCommon.seo.pageTitleDefault.at":"{siteName} | Gemakkelijk \u0026 snel eten bestellen","consumerWebCommon.seo.pageTitleDefault.ch":"{siteName} | Gemakkelijk \u0026 snel eten bestellen","consumerWebCommon.seo.pageTitleDefault.dk":"{siteName} | Gemakkelijk \u0026 snel eten bestellen","consumerWebCommon.seo.pageTitleDefault.fr":"{siteName} | Gemakkelijk \u0026 snel eten bestellen","consumerWebCommon.seo.pageTitleDefault.lu":"{siteName} | Gemakkelijk \u0026 snel eten bestellen","consumerWebCommon.seo.pageTitleDefault.no":"{siteName} | Gemakkelijk \u0026 snel eten bestellen","consumerWebCommon.seo.pageTitleDefault.pl":"{siteName} | Gemakkelijk \u0026 snel eten bestellen","consumerWebCommon.seo.pageTitleDefault.pt":"{siteName} | Gemakkelijk \u0026 snel eten bestellen","consumerWebCommon.seo.pageTitleDefault.ie":"Order Food Delivery \u0026 Takeaway from Local Restaurants | {siteName}","consumerWebCommon.seo.pageTitleDefault.gb":"Order takeaway online from 30,000+ food delivery restaurants | {siteName}","consumerWebCommon.seo.pageTitleDefault.es":"Food delivery and takeaway | {siteName}","consumerWebCommon.seo.pageTitleDefault.it":"{siteName} | Order Food delivery and Groceries Online","consumerWebCommon.seo.pageTitleDefault.sk":"Order Food Delivery \u0026 Takeaway from Local Restaurants | {siteName}","consumerWebCommon.seo.pageTitleDefault.au":"Menulog | Order Takeaway, Groceries and Food Delivery Near You","consumerWebCommon.seo.pageDescriptionDefault.nl":"Bestel eten, boodschappen en non-food artikelen bij {siteName}. Snel en gemakkelijk. Voor jouw dagelijks gemak. Ontdek +15.000 restaurants en winkels.","consumerWebCommon.seo.pageDescriptionDefault.de":"Snel en gemakkelijk eten bestellen en laten bezorgen op jouw adres! Wat dacht je van een heerlijke sushi-box, Chinese maaltijd of van diverse pizza's?","consumerWebCommon.seo.pageDescriptionDefault.be":"Snel en gemakkelijk eten bestellen en laten bezorgen op jouw adres! Wat dacht je van een heerlijke sushi-box, Chinese maaltijd of van diverse pizza's?","consumerWebCommon.seo.pageDescriptionDefault.at":"Snel en gemakkelijk eten bestellen en laten bezorgen op jouw adres! Wat dacht je van een heerlijke sushi-box, Chinese maaltijd of van diverse pizza's?","consumerWebCommon.seo.pageDescriptionDefault.ch":"Snel en gemakkelijk eten bestellen en laten bezorgen op jouw adres! Wat dacht je van een heerlijke sushi-box, Chinese maaltijd of van diverse pizza's?","consumerWebCommon.seo.pageDescriptionDefault.dk":"Snel en gemakkelijk eten bestellen en laten bezorgen op jouw adres! Wat dacht je van een heerlijke sushi-box, Chinese maaltijd of van diverse pizza's?","consumerWebCommon.seo.pageDescriptionDefault.fr":"Snel en gemakkelijk eten bestellen en laten bezorgen op jouw adres! Wat dacht je van een heerlijke sushi-box, Chinese maaltijd of van diverse pizza's?","consumerWebCommon.seo.pageDescriptionDefault.lu":"Snel en gemakkelijk eten bestellen en laten bezorgen op jouw adres! Wat dacht je van een heerlijke sushi-box, Chinese maaltijd of van diverse pizza's?","consumerWebCommon.seo.pageDescriptionDefault.bg":"Snel en gemakkelijk eten bestellen en laten bezorgen op jouw adres! Wat dacht je van een heerlijke sushi-box, Chinese maaltijd of van diverse pizza's?","consumerWebCommon.seo.pageDescriptionDefault.no":"Snel en gemakkelijk eten bestellen en laten bezorgen op jouw adres! Wat dacht je van een heerlijke sushi-box, Chinese maaltijd of van diverse pizza's?","consumerWebCommon.seo.pageDescriptionDefault.pl":"Snel en gemakkelijk eten bestellen en laten bezorgen op jouw adres! Wat dacht je van een heerlijke sushi-box, Chinese maaltijd of van diverse pizza's?","consumerWebCommon.seo.pageDescriptionDefault.pt":"Snel en gemakkelijk eten bestellen en laten bezorgen op jouw adres! Wat dacht je van een heerlijke sushi-box, Chinese maaltijd of van diverse pizza's?","consumerWebCommon.seo.pageDescriptionDefault.ro":"Snel en gemakkelijk eten bestellen en laten bezorgen op jouw adres! Wat dacht je van een heerlijke sushi-box, Chinese maaltijd of van diverse pizza's?","consumerWebCommon.seo.pageDescriptionDefault.ie":"Order online from takeaways all over Ireland with {siteName}. User reviews, pay by cash or card, 45-60 mins take away food delivery. Order takeaway online now from Pizza to Chinese from over 1400 restaurants!","consumerWebCommon.seo.pageDescriptionDefault.gb":"Order from local restaurants and takeaways online with Just Eat, the UKâs leader in food delivery with over 30,000+ restaurant menus offering Pizza, Chinese, Indian, Thai and more.","consumerWebCommon.seo.pageDescriptionDefault.es":"Order at home from your favorite restaurants quickly, comfortably and at the best price. We have more than 9,500 restaurants waiting for you. Chinese food, Pizza, Mexican food and much more.","consumerWebCommon.seo.pageDescriptionDefault.it":"Order food for delivery or takeout from nearby restaurants and pizzerias. Enjoy daily discounts and offers, and get your groceries and favorite dishes delivered to your door.","consumerWebCommon.seo.pageDescriptionDefault.au":"Order groceries and food delivery from local restaurants and stores online with Menulog. Order takeaway from restaurants offering Pizza, Chinese, Italian and more.","consumerWebCommon.seo.pageDescriptionDefault.sk":"Delivery service, order food from the comfort of your home. Delivery to your location. Order your favourite food online.\r\n","consumerWebCommon.footerExpanded.main.jobs":"Vacatures","consumerWebCommon.footerExpanded.main.customerService":"Klantenservice","consumerWebCommon.footerExpanded.main.recommendARestaurant":"Restaurant aanbevelen","consumerWebCommon.footerExpanded.main.signUpARestaurant":"Restaurant aanmelden","consumerWebCommon.footerExpanded.main.becomeAnAffiliate":"Word affiliate","consumerWebCommon.footerExpanded.main.becomeACourier":"Word bezorger","consumerWebCommon.footerExpanded.main.takeawayPay":"Takeaway Pay","consumerWebCommon.footerExpanded.main.stampCard":"Stempelkaarten","consumerWebCommon.footerExpanded.main.points":"Points","consumerWebCommon.footerExpanded.main.termsOfUse":"Algemene voorwaarden","consumerWebCommon.footerExpanded.main.privacyStatement":"Privacy statement","consumerWebCommon.footerExpanded.main.colophon":"Colofon","consumerWebCommon.footerExpanded.main.cookieStatement":"Cookieverklaring","consumerWebCommon.footerExpanded.main.followUs":"Follow us","consumerWebCommon.footerExpanded.main.international":"International","consumerWebCommon.footerExpanded.main.partners":"Ontdek","consumerWebCommon.footerExpanded.main.cities":"Steden","consumerWebCommon.footerExpanded.main.chains":"Ketens","consumerWebCommon.footerExpanded.main.newRestaurants":"Nieuwe bezorgrestaurants","consumerWebCommon.footerExpanded.main.regions":"Provincies","consumerWebCommon.footerExpanded.main.cuisines":"Eten","consumerWebCommon.footerExpanded.main.press":"Newsroom","consumerWebCommon.footerExpanded.main.jetForBusiness":"{brand} for Business","consumerWebCommon.footerExpanded.main.newPlaces":"Nieuwe locaties","consumerWebCommon.footerExpanded.main.listYourBusiness":"Meld je bedrijf aan","consumerWebCommon.footerExpanded.main.recommendBusiness":"Een bedrijf aanbevelen","consumerWebCommon.footerExpanded.main.legalInfo":"Legal Info","consumerWebCommon.footerExpanded.main.aboutUs":"About us","consumerWebCommon.footerExpanded.main.contactUs":"Contact us","consumerWebCommon.footerExpanded.main.restaurantSignUp":"Restaurant sign up","consumerWebCommon.footerExpanded.main.deliverWithJustEat":"Deliver with Just Eat","consumerWebCommon.footerExpanded.main.careers":"Careers","consumerWebCommon.footerExpanded.main.termsAndConditions":"Algemene Voorwaarden","consumerWebCommon.footerExpanded.main.privacyPolicy":"Privacy Policy","consumerWebCommon.footerExpanded.main.legalInformation":"Juridische informatie","consumerWebCommon.footerExpanded.main.cookiesPolicy":"Cookies Policy","consumerWebCommon.footerExpanded.main.topCuisines":"Top Cuisines","consumerWebCommon.footerExpanded.main.topBrands":"Top Brands","consumerWebCommon.footerExpanded.main.pricePromise":"Price promise","consumerWebCommon.footerExpanded.main.login":"Login","consumerWebCommon.footerExpanded.main.partnerUs":"Manage your business","consumerWebCommon.footerExpanded.main.reportContent":"Report content","consumerWebCommon.footerExpanded.main.localLegends":"Local Legends","consumerWebCommon.footerExpanded.main.courierLogin":"Courier Login","consumerWebCommon.granularPrivacySettings.main.acceptAll":"Alles aanvaarden","consumerWebCommon.granularPrivacySettings.main.title":"Cookies","consumerWebCommon.granularPrivacySettings.main.content":"We gebruiken cookie en andere technologieÃ«n om ervoor te zorgen dat onze website werkt, om je ervaring te verbeteren en te personaliseren, om analyses uit te voeren voor optimalisatie en advertenties in samenwerking met derden. We gebruiken onze eigen cookies en cookies van derden. We plaatsen altijd noodzakelijke cookies. Door op Alles accepteren te klikken accepteer je het gebruik van alle cookies. Door Alleen noodzakelijke te kiezen kun je de banner sluiten en worden alleen noodzakelijke cookies geplaatst. Klik op {manageYourPreferences} om je voorkeur aan te passen en om onze cookie verklaring en lijst van gebruikte cookies te vinden.","consumerWebCommon.granularPrivacySettings.main.onlyNecessary":"Enkel noodzakelijke","consumerWebCommon.granularPrivacySettings.main.manageYourPreferences":"Voorkeuren beheren","consumerWebCommon.granularPrivacySettings.main.onlyNecessaryAria":"Accepteer alleen het noodzakelijke cookiepakket","consumerWebCommon.granularPrivacySettings.main.acceptAllAria":"Alles aanvaarden cookies","consumerWebCommon.granularPrivacySettings.managePreferences.acceptAllAria":"Alles aanvaarden cookies","consumerWebCommon.granularPrivacySettings.managePreferences.acceptAll":"Alles aanvaarden","consumerWebCommon.granularPrivacySettings.managePreferences.onlySelected":"Enkel gekozen","consumerWebCommon.granularPrivacySettings.managePreferences.onlySelectedAria":"Accepteer alleen geselecteerde cookies","consumerWebCommon.granularPrivacySettings.managePreferences.title":"Voorkeuren beheren","consumerWebCommon.granularPrivacySettings.managePreferences.necessaryConsentTitle":"Noodzakelijk","consumerWebCommon.granularPrivacySettings.managePreferences.necessaryConsentDescription":"Deze cookies zijn nodig om de website en de functies ervan goed te laten functioneren. De diensten waar je om gevraagd hebt kunnen niet verleend worden zonder deze cookies.","consumerWebCommon.granularPrivacySettings.managePreferences.functionalConsentDescription":"Met deze cookies kan de website de keuzes die je maakt onthouden om je betere functionaliteit en persoonlijke functies te bieden.","consumerWebCommon.granularPrivacySettings.managePreferences.functionalConsentTitle":"Functioneel","consumerWebCommon.granularPrivacySettings.managePreferences.analyticalConsentTitle":"Analytisch","consumerWebCommon.granularPrivacySettings.managePreferences.analyticalConsentDescription":"Deze analytische cookies, inclusief statistieken, worden gebruikt om te begrijpen hoe bezoekers met de website omgaan en om de prestaties van onze website te meten en te verbeteren.","consumerWebCommon.granularPrivacySettings.managePreferences.personalizedConsentDescription":"Deze marketing cookies worden gebruikt om informatie aan u te leveren op basis van uw belangstelling en om de doeltreffendheid van dergelijke advertenties te meten, zowel op onze website als op die van onze reclamepartners.","consumerWebCommon.granularPrivacySettings.managePreferences.personalizedConsentTitle":"Gepersonaliseerd (targeting en reclame)","consumerWebCommon.granularPrivacySettings.managePreferences.additionalInformation":"U kunt alle informatie vinden in de {cookieStatement} en de {technologyList}.","consumerWebCommon.granularPrivacySettings.managePreferences.cookieStatement":"Cookieverklaring","consumerWebCommon.granularPrivacySettings.managePreferences.technologyList":"Cookie technologieenlijst","consumerWebCommon.assistant.helpWithOrder.label":"Ik heb hulp nodig","consumerWebCommon.order.address.pickUpFrom":"Afhalen bij:","consumerWebCommon.order.address.pickedUpFrom":"Afgehaald bij:","consumerWebCommon.order.address.notes":"Opmerkingen","consumerWebCommon.order.address.openInMaps":"Openen in Maps","consumerWebCommon.order.address.deliveringTo":"Bezorgen aan","consumerWebCommon.order.address.deliveredTo":"Bezorgd op","consumerWebCommon.order.address.pickUpOrCollectFrom":"Ophalen","consumerWebCommon.order.address.collectFrom":"Afhalen bij:","consumerWebCommon.order.address.collectedFrom":"Afgehaald bij:","consumerWebCommon.order.address.courierNotes":"Opmerkingen bezorging","consumerWebCommon.order.address.orderNotes":"Opmerkingen bestelling","consumerWebCommon.order.address.alcoholWarningHeader":"Zorg dat je je ID bij de hand hebt.","consumerWebCommon.order.address.alcoholWarningText":"De bezorger controleert je naam en geboortedatum.","consumerWebCommon.order.address.alcoholWarningTextForMitID":"De bezorger kan je bestelling alleen afgeven als je een geldig ID met foto laat zien.","consumerWebCommon.order.details.orderLabel":"Bestelling","consumerWebCommon.order.details.deliveryCost":"Bezorgkosten","consumerWebCommon.order.details.freePaymentCost":"Gratis","consumerWebCommon.order.details.plasticBagCost":"Plastic tas","consumerWebCommon.order.details.subtotal":"Subtotaal","consumerWebCommon.order.details.takeawayPay":"Takeaway Pay","consumerWebCommon.order.details.total":"Totaal","consumerWebCommon.order.details.transactionCost":"Transactiekosten","consumerWebCommon.order.details.paymentMethod":"Betaalmethode","consumerWebCommon.order.details.reOrderButtonText":"Opnieuw bestellen","consumerWebCommon.order.details.writeAReviewButtonText":"Schrijf een beoordeling","consumerWebCommon.order.details.backToMenu":"Terug naar menu","consumerWebCommon.order.details.with":"met","consumerWebCommon.order.details.for":"voor","consumerWebCommon.order.details.serviceFee":"Servicetoeslag","consumerWebCommon.order.details.serviceCharge":"Servicekosten","consumerWebCommon.order.details.favouriteButtonRemoveRestaurant":"Verwijder {restaurantName} uit favorieten.","consumerWebCommon.order.details.favouriteButtonAddRestaurant":"Stel restaurant {restaurantName} in als favoriet","consumerWebCommon.order.details.totalRefund":"Totaal terug te betalen","consumerWebCommon.order.details.outOfStock":"Uitverkocht product","consumerWebCommon.order.details.refundPeriodNotice":"Terugbetalingen kunnen tot {days} dagen duren, afhankelijk van je betaalmethode.","consumerWebCommon.order.details.outOfStockPlural":"Uitverkochte producten","consumerWebCommon.order.details.orderWasCancelled":"This order was cancelled","consumerWebCommon.order.details.deliveryFee":"Delivery fee","consumerWebCommon.order.details.voucherDiscount":"Voucher","consumerWebCommon.order.details.offerDiscount":"Offer discount","consumerWebCommon.order.details.StampCard":"StampCard discount","consumerWebCommon.order.details.serviceChargeRefund":"Service charge (partial)","consumerWebCommon.order.details.paidBy":"Betaald met","consumerWebCommon.order.details.accountCredit":"Account Credit","consumerWebCommon.order.details.tip":"Fooi","consumerWebCommon.order.details.offerFirstTimeCustomer":"First time customer discount","consumerWebCommon.order.details.offerStampCard":"StampCard discount","consumerWebCommon.order.details.totalPaid":"Totaal betaald","consumerWebCommon.order.details.linkOpenReceipt":"Open je bon","consumerWebCommon.order.details.buttonMore":"Meer","consumerWebCommon.order.details.buttonLess":"Minder","consumerWebCommon.order.details.orderNumber":"Bestelnr.","consumerWebCommon.order.details.multiBuyDiscount":"Korting bij meerdere aanko","consumerWebCommon.order.details.you":"{name} (Jij)","consumerWebCommon.order.details.smallOrderFee":"Small order fee","consumerWebCommon.order.details.substitutionsSamePrice":"The substituted items were the same price.","consumerWebCommon.order.details.substitutions":"Substitutions","consumerWebCommon.order.details.substitutedItem":"Out of stock","consumerWebCommon.order.details.priceDifference":"Prijsverschil","consumerWebCommon.order.details.plusPremium":"Just Eat+ Premium","consumerWebCommon.order.details.voucherExclusionsApplyText":"Er zijn producten uitgesloten van deze voucher","consumerWebCommon.order.details.restrictedItemTag":"Product uitgesloten van voucher","consumerWebCommon.order.details.plusPremiumWithBrand":"{brand}+ Premium","consumerWebCommon.order.details.trySomewhereElseButtonText":"Probeer iets anders","consumerWebCommon.order.details.jetPlusFreeTrial":"Gratis {brandMembership}-proefperiode","consumerWebCommon.order.tipping.formTitle":"Bedank je bezorger met een fooi!","consumerWebCommon.order.tipping.formDescriptionLink":"Meer informatie","consumerWebCommon.order.tipping.formDescription":"{LearnMore} over bezorgers en fooi.","consumerWebCommon.order.tipping.formSubmit":"Geef je bezorger een fooi","consumerWebCommon.order.tipping.formModalTitle":"Geef een fooi","consumerWebCommon.order.tipping.formModalLabelPrimary":"Kies jouw betaalmethode","consumerWebCommon.order.tipping.formModalLabelSecondary":"Kies een bank","consumerWebCommon.order.tipping.formModalSubmit":"Geef de bezorger {amount} fooi","consumerWebCommon.order.tipping.formDescriptionScoober":"Alle fooien gaan naar de bezorger. {LearnMore}.","consumerWebCommon.order.tipping.statusFailureText":"We konden je fooi niet verwerken. Wil je het nog een keer proberen?","consumerWebCommon.order.tipping.messageFailure":"Fooi geven mislukt","consumerWebCommon.order.tipping.infoBody":"Je bepaalt natuurlijk helemaal zelf of je fooi wil geven, maar het kan een leuke manier zijn om je bezorger te bedanken voor het bezorgen van je bestelling.\r\n\r\nJe kunt op twee manieren fooi toevoegen:\r\n\r\n- via de Food Trackerâ¢, binnen {foodTrackerExpirationHours} uur na het plaatsen van je bestelling\r\n- via de pagina Bestellingen, tot {orderHistoryExpirationDays} dagen na het plaatsen van je bestelling\r\n\r\nAls een bezorger in dienst is van {brand}, gaan alle fooien, exclusief (eventuele) belastingen en sociale lasten, naar de bezorger. Als een restaurant de bezorger in dienst heeft, stuurt {brand} de fooi door naar het restaurant. We instrueren het restaurant om het doorgestuurde bedrag aan de bezorger te betalen en te voldoen aan eventuele (loon)belastingvereisten.\r\n","consumerWebCommon.order.tipping.infoTitle":"Zo werkt fooi geven","consumerWebCommon.order.tipping.infoTitleMobile":"Over fooi geven","consumerWebCommon.order.tipping.infoFooter":"Heb je nog meer vragen voor ons? Neem dan contact op met onze {customerService} en we helpen je graag verder.","consumerWebCommon.order.tipping.customerServiceLink":"klantenservice","consumerWebCommon.order.tipping.statusSuccessTitle":"Bedankt voor je fooi!","consumerWebCommon.order.tipping.statusSuccessText":"Jouw fooi van {amount} is ontvangen.","consumerWebCommon.order.tipping.statusFailureTitle":"Er is iets misgegaan.","consumerWebCommon.order.tipping.tryAgainButton":"Probeer het opnieuw","consumerWebCommon.order.tipping.statusCancelledTitle":"Je hebt je betaling geannuleerd","consumerWebCommon.order.tipping.statusCancelledText":"Je hebt je betaling geannuleerd","consumerWebCommon.order.tipping.statusPendingTitle":"Fooi wordt verwerkt","consumerWebCommon.order.tipping.formDescriptionLinkScoober":"Meer informatie","consumerWebCommon.order.help.customerServiceLink":"Ik heb hulp nodig","consumerWebCommon.order.help.title":"Is er iets misgegaan?","consumerWebCommon.order.help.description":"Neem contact met ons op en wij zoeken het voor je uit.","consumerWebCommon.order.outOfStock.titleRefundItem":"Terugbetaling voor een niet-leverbaar product","consumerWebCommon.order.outOfStock.titleRefundItems":"Terugbetaling voor niet-leverbare producten","consumerWebCommon.order.outOfStock.serviceChargePartial":"(Gedeeltelijke) servicekosten","consumerWebCommon.order.outOfStock.totalRefunded":"Total refund","consumerWebCommon.order.outOfStock.yourReceipt":"Jouw bon","consumerWebCommon.order.reorder.title":"Weer net zo genieten?","consumerWebCommon.order.reorder.subtitle":"Opnieuw bestellen kost maar een paar secondenâ¦","consumerWebCommon.order.reorder.reOrderButtonText":"Opnieuw bestellen","consumerWebCommon.jetPrivacySettings.heading.text":"Cookies","consumerWebCommon.jetPrivacySettings.body.text1":"We use required cookies (and similar technologies) to make our platform work.","consumerWebCommon.jetPrivacySettings.body.text2":"We'd also like to use optional cookies to help us improve our platform by collecting information on how you use it.","consumerWebCommon.jetPrivacySettings.body.text3":"For details about the cookies and technologies we use, see our {cookieStatementLink}. Using this banner will set a cookie on your device to remember your preferences.","consumerWebCommon.jetPrivacySettings.cookieStatement.textLink":"cookies notice","consumerWebCommon.jetPrivacySettings.fullConsent.text":"Accept all cookies","consumerWebCommon.jetPrivacySettings.fullConsent.ariaLabel":"Accept all cookies","consumerWebCommon.jetPrivacySettings.essentialConsent.text":"Accept only required cookies","consumerWebCommon.jetPrivacySettings.essentialConsent.ariaLabel":"Accept only required cookies","consumerWebCommon.calendar.daysOfTheWeek.sunday":"Zondag","consumerWebCommon.calendar.daysOfTheWeek.monday":"Maandag","consumerWebCommon.calendar.daysOfTheWeek.tuesday":"Dinsdag","consumerWebCommon.calendar.daysOfTheWeek.wednesday":"Woensdag","consumerWebCommon.calendar.daysOfTheWeek.thursday":"Donderdag","consumerWebCommon.calendar.daysOfTheWeek.friday":"Vrijdag","consumerWebCommon.calendar.daysOfTheWeek.saturday":"Zaterdag","consumerWebCommon.accountLinking.activateBenefitPage.title":"Gratis bezorgingâ","consumerWebCommon.accountLinking.activateBenefitPage.amazonBenefitUnlimitedOrders":"Onbeperkt bestellen (minimaal â¬ 15)","consumerWebCommon.accountLinking.activateBenefitPage.amazonBenefitFromAllRestaurants":"Bij alle deelnemende restaurants","consumerWebCommon.accountLinking.activateBenefitPage.amazonBenefitForPriceOfMembership":"Voor de prijs van je {partner}-lidmaatschap","consumerWebCommon.accountLinking.activateBenefitPage.amazonBenefitAutoAppliedAtCheckout":"Automatisch toegepast bij afrekenen","consumerWebCommon.accountLinking.activateBenefitPage.amazonSubtitle":"voor {partner}-leden","consumerWebCommon.accountLinking.activateBenefitPage.unlockBenefitWithEmail":"Dit voordeel krijg je met:","consumerWebCommon.accountLinking.activateBenefitPage.changeLink":"Wijzigen","consumerWebCommon.accountLinking.activateBenefitPage.activateButton":"AktivÃ©r gratis","consumerWebCommon.accountLinking.activateBenefitPage.privacyStatementLink":"Privacyverklaring","consumerWebCommon.accountLinking.activateBenefitPage.termsAndConditionsLink":"Algemene voorwaarden","consumerWebCommon.accountLinking.activateBenefitPage.allowAmazonPayPreferredPayment":"Gebruik Amazon Pay als mijn favoriete betaalmethode","consumerWebCommon.accountLinking.guestPage.title":"Je gebruikt {brand} momenteel als gast","consumerWebCommon.accountLinking.guestPage.description":"Log in op je {brand}-account, of maak een account aan om gratis bezorgingâ te activeren. Als je je stempelkaarten wilt behouden, gebruik dan hetzelfde e-mailadres dat je als gast hebt gebruikt.","consumerWebCommon.accountLinking.guestPage.loginButton":"Inloggen of account aanmaken","consumerWebCommon.accountLinking.guestPage.cancelButton":"Annuleren","consumerWebCommon.accountLinking.guestPage.notificationText":"Als je een account aanmaakt, verlies je enkele persoonlijke gegevens en je geschiedenis als gast.","consumerWebCommon.accountLinking.banner.title":"Log in of maak een account aan voor gratis bezorgingâ","consumerWebCommon.accountLinking.alreadyHaveBenefit.title":"Je hebt dit voordeel al","consumerWebCommon.accountLinking.alreadyHaveBenefit.description":"Gratis bezorgingâ is al actief voor dit account. Lekker bezig!","consumerWebCommon.accountLinking.alreadyHaveBenefit.continueButton":"Verder naar {brand}","consumerWebCommon.accountLinking.alreadyHaveBenefit.backButton":"Terug naar {partner}","consumerWebCommon.accountLinking.errorPage.title":"Er ging helaas iets mis","consumerWebCommon.accountLinking.errorPage.description":"Het ligt aan ons. Probeer het opnieuw.","consumerWebCommon.accountLinking.errorPage.tryAgainButton":"Opnieuw","consumerWebCommon.accountLinking.errorPage.tryAnotherAccountButton":"Probeer een ander account","consumerWebCommon.accountLinking.errorPage.backButton":"Terug naar {partner}","consumerWebCommon.accountLinking.countrySelection.title":"Kies je land","consumerWebCommon.accountLinking.countrySelection.selectButton":"OkÃ©","consumerWebCommon.accountLinking.membershipAlreadyActivePage.title":"Je krijgt momenteel gratis bezorging met {brandMembershipName}","consumerWebCommon.accountLinking.membershipAlreadyActivePage.explanationText":"Om gratis bezorging via Just Eat bij {partnerTitle} te krijgen, moet je je {brandMembershipName}-plan opzeggen. Afhankelijk van de resterende looptijd van je {brandMembershipName}-plan, kom je mogelijk in aanmerking voor een terugbetaling.","consumerWebCommon.accountLinking.membershipAlreadyActivePage.cancellationTermsTitle":"Annuleringsvoorwaarden","consumerWebCommon.accountLinking.membershipAlreadyActivePage.cancellationTermsText":"Je had 14 dagen bedenktijd. Deze periode begon op de dag van aankoop. Als je tijdens deze periode gebruikt hebt gemaakt van het voordeel, heb je geen recht op een volledige terugbetaling. Bekijk onze algemene voorwaarden.","consumerWebCommon.accountLinking.membershipAlreadyActivePage.cancelMembershipButton":"{brandName} opzeggen","consumerWebCommon.accountLinking.membershipAlreadyActivePage.backButton":"Terug naar {partner} \r\n","consumerWebCommon.accountLinking.membershipAlreadyActivePage.membershipCardExpiryDate":"Geldig tot {expiryDate}.","consumerWebCommon.accountLinking.membershipAlreadyActivePage.contactUs":"neem contact met ons op","consumerWebCommon.accountLinking.membershipAlreadyActivePage.cancellationSuccessTitle":"Annulering aangevraagd","consumerWebCommon.accountLinking.membershipAlreadyActivePage.cancellationSuccessText":"Als je in aanmerking komt voor een terugbetaling, wordt deze binnen 14 dagen bijgeschreven op je oorspronkelijke betaalmethode.","consumerWebCommon.accountLinking.membershipAlreadyActivePage.continueButton":"Doorgaan","consumerWebCommon.accountLinking.cancelJetMembershipModal.title":"{brandMembershipName} opzeggen?","consumerWebCommon.accountLinking.cancelJetMembershipModal.description":"Als je opzegt, profiteer je niet meer van gratis bezorging. Het kan dat we het terug te betalen bedrag verlagen in verband met de kosten van reeds geleverde diensten.","consumerWebCommon.accountLinking.cancelJetMembershipModal.cardDates":"Gekocht op: {purchaseDate} Â· Verloopt op: {expiryDate}","consumerWebCommon.accountLinking.cancelJetMembershipModal.cardDescription":"Deze opzegging kan niet ongedaan gemaakt worden, ongeacht het bedrag van de terugbetaling. Een eventuele terugbetaling wordt binnen 14 dagen op de door jou gebruikte betaalmethode gestort.","consumerWebCommon.accountLinking.cancelJetMembershipModal.confirmButton":"Bevestigen","consumerWebCommon.accountLinking.cancelJetMembershipModal.cancellationErrorMsg":"Er is iets misgegaan. Probeer het nogmaals","consumerWebCommon.accountLinking.cancelJetMembershipModal.cancellationErrorMsgContact":"Er was een probleem bij het annuleren van je plan. Gelieve {contactUsLink}.","consumerWebCommon.accountLinking.cancelJetMembershipModal.contactUs":"neem contact met ons op","consumerWebCommon.notificationToast.message.groupOrderCancelled":"Your group order was cancelled","consumerWebCommon.paymentMethods.banks.select_bank_on_psp":"Andere bank","consumerWebCommon.paymentMethods.banks.feature_label":"Kies een bank","consumerWebCommon.paymentMethods.banks.ideal_secure_SSL":"You will be redirected to the secure (SSL) pages of iDEAL","consumerWebCommon.paymentMethods.banks.ideal_remove_info":"Do you want to remove your saved iDEAL information?","consumerWebCommon.paymentMethods.banks.cancel_button":"Annuleren","consumerWebCommon.paymentMethods.banks.ok_button":"OK","consumerWebCommon.paymentMethods.banks.save_details":"Use stored iDEAL card information","consumerWebCommon.paymentMethods.banks.ideal_description":"After pressing 'Order \u0026 pay with iDEAL', you will be redirected to the secure (SSL) pages of iDEAL. Here you will be able to complete the iDeal payment for your order.","consumerWebCommon.promotion.promotionModal.title":"100 kr. off for new customers with","consumerWebCommon.promotion.promotionModal.body":"Foodora no longer delivers, but don't worryâ¦ Just Eat is here to help.\r\nHere you have access to **more than 3000 restaurants and shops** in all of Denmark - delivered straight to your door","consumerWebCommon.promotion.promotionModal.confirm":"Order now","consumerWebCommon.promotion.promotionModal.contentLabel":"Promotion","consumerWebCommon.promotion.promotionModal.closeButtonAriaLabel":"Close promotion","consumerWebCommon.promotion.promotionModal.imageAltText":"JustEat and Foodora","consumerWebCommon.promotion.promotionModal.subtitle":"Just Eat","consumerWebCommon.promotion.promotionModal.promoInfo":"**New customer? Get 100 kr. off with the code**","consumerWebCommon.promotion.promotionModal.disclaimer":"*The code is valid for a limited time on orders above 250 kr. and only for new customers.","consumerWebCommon.promotion.promotionModal.privacyPolicy":"Privacy policy.","consumerWebCommon.promotion.promotionModal.termsAndConditions":"Terms and conditions apply.","consumerWebCommon.promotion.promotionModal.promoCode":"**'NYKUNDE100'**","consumerWebCommon.autoLanguageBanner.en.text":"Change language to","consumerWebCommon.autoLanguageBanner.en.submit":"Continue","consumerWebCommon.autoLanguageBanner.bg.submit":"ÐÐ°Ð¿ÑÐµÐ´","consumerWebCommon.autoLanguageBanner.bg.text":"Ð¡Ð¼ÐµÐ½Ð¸ ÐµÐ·Ð¸ÐºÐ° Ð½Ð°","consumerWebCommon.autoLanguageBanner.nl.text":"Verander weergavetaal naar","consumerWebCommon.autoLanguageBanner.nl.submit":"Doorgaan","consumerWebCommon.autoLanguageBanner.da.text":"Skift sprog til","consumerWebCommon.autoLanguageBanner.da.submit":"FortsÃ¦t","consumerWebCommon.autoLanguageBanner.fr.text":"Voulez-vous utiliser le","consumerWebCommon.autoLanguageBanner.fr.submit":"Continuer","consumerWebCommon.autoLanguageBanner.de.text":"Ãndere deine Sprache auf","consumerWebCommon.autoLanguageBanner.de.submit":"Weiter","consumerWebCommon.autoLanguageBanner.it.text":"Cambia la lingua Seleziona","consumerWebCommon.autoLanguageBanner.it.submit":"Continua","consumerWebCommon.autoLanguageBanner.pl.text":"ZmieÅ jÄzyk na","consumerWebCommon.autoLanguageBanner.pl.submit":"Kontynuuj","consumerWebCommon.autoLanguageBanner.es.text":"Cambia el idioma a","consumerWebCommon.autoLanguageBanner.es.submit":"Continuar","consumerWebCommon.autoLanguageBanner.ca.text":"Canvia lâidioma a","consumerWebCommon.autoLanguageBanner.ca.submit":"Continuar","consumerWebCommon.autoLanguageBanner.sk.text":"ZmeniÅ¥ jazyk na","consumerWebCommon.autoLanguageBanner.sk.submit":"PokraÄovaÅ¥","consumerWebDiscovery.filter.cuisine.all":"Alles","consumerWebDiscovery.filter.cuisine.showMore":"Meer","consumerWebDiscovery.filter.cuisine.allCategories":"Alle categorieÃ«n","consumerWebDiscovery.filter.cuisine.search":"Zoeken in categorieÃ«n","consumerWebDiscovery.filter.cuisine.noCategoriesFound":"Geen categorieÃ«n gevonden","consumerWebDiscovery.filter.cuisine.resetSearch":"Reset zoekopdracht","consumerWebDiscovery.filter.cuisine.allCategoriesGroup":"Alle categorieÃ«n","consumerWebDiscovery.filter.cuisine.cuisineAriaLabel":"Selecteer categorie {cuisine}","consumerWebDiscovery.filter.cuisine.ariaMessageOnCuisineSelect":"Categorie geselecteerd: {cuisine}","consumerWebDiscovery.filter.cuisine.tooltipTitle":"Selecteer meerdere categorieÃ«n","consumerWebDiscovery.filter.cuisine.tooltipDescription":"Zoek je favorieten nog makkelijker door zoveel categorieÃ«n aan te vinken als je wilt!","consumerWebDiscovery.filter.shippingType.label":"Soort bestelling","consumerWebDiscovery.filter.shippingType.delivery":"Bezorgen","consumerWebDiscovery.filter.shippingType.pickup":"Afhalen","consumerWebDiscovery.filter.shippingType.collection":"Afhalen","consumerWebDiscovery.filter.common.label":"Filter","consumerWebDiscovery.filter.common.filterResults":"Filter","consumerWebDiscovery.filter.common.xRestaurants":"{counter, select, 1 {1 restaurant} other {{counter} restaurants}}","consumerWebDiscovery.filter.common.reset":"Wis alles","consumerWebDiscovery.filter.common.resetSearch":"Zoekopdracht terugzetten","consumerWebDiscovery.filter.common.labelWithCount":"{label} ({count}) ","consumerWebDiscovery.filter.common.appliedFilterCount":"{count} filters zijn toegepast","consumerWebDiscovery.filter.common.ariaLabelForFilterWithCount":"Filteren op {filter}, {restaurantsAmount}  {isPlural, select, true {restaurants} other {restaurant}}","consumerWebDiscovery.filter.common.filterSelected":"{filter} filter is geselecteerd","consumerWebDiscovery.filter.common.filterDeselected":"${filter} filter is gedeselecteerd","consumerWebDiscovery.filter.common.noRestaurantsFound":"Geen restaurants gevonden","consumerWebDiscovery.filter.common.xPlaces":"{counter, select, 1 {1 {hasGrocery, select, true {Partner} other {restaurant}}} other {{counter} {hasGrocery, select, true {Partners} other {restaurants}}}}","consumerWebDiscovery.filter.common.noPlacesFound":"Geen locaties gevonden","consumerWebDiscovery.filter.common.clear":"Clear","consumerWebDiscovery.filter.common.filters":"filters","consumerWebDiscovery.filter.common.xPlacesExtended":"{counter, select, 1 {1 {hasGrocery, select, true {Partner} other {restaurant}}} other {{counter} {hasGrocery, select, true {Partners} other {restaurants}}}}","consumerWebDiscovery.filter.search.label":"Zoeken","consumerWebDiscovery.filter.search.hint":"Zoek op restaurantnaam","consumerWebDiscovery.filter.search.hintWithEnabledCuisines":"Zoek restaurants en gerechten in {cuisine}","consumerWebDiscovery.filter.search.dishSearchHint":"Zoek op categorieÃ«n, restaurants en gerechten","consumerWebDiscovery.filter.search.categories":"CategorieÃ«n","consumerWebDiscovery.filter.search.restaurants":"Restaurants","consumerWebDiscovery.filter.search.dishes":"Gerechten","consumerWebDiscovery.filter.search.searchResultCardAria":"Zoek resultaten voor {name}","consumerWebDiscovery.filter.search.selectResultActionAria":"Selecteer zoekresultaat Je gaat nu naar de menupagina van {restaurantNaam}.","consumerWebDiscovery.filter.search.recentSearches":"Recent","consumerWebDiscovery.filter.search.searchPlaceholder":"Restaurants en gerechten","consumerWebDiscovery.filter.search.searchResultsAria":"Zoekresultaten voor {searchQuery}, {restaurantsAmount} restaurants, {dishesAmount} gerechten.","consumerWebDiscovery.filter.search.cuisineResetWithCategoryName":"Wis categorie {categoryName}","consumerWebDiscovery.filter.search.searchByPlaceholder":"Zoek op partner of product","consumerWebDiscovery.filter.search.places":"{restaurantsCount, select, 1 {Locatie} other {Locaties}}","consumerWebDiscovery.filter.search.items":"{menuItemsCount, select, 1 {Product} other {Producten}}","consumerWebDiscovery.filter.search.searchHint":"Zoek naar locaties","consumerWebDiscovery.filter.search.hintWithEnabledCuisinesGrocery":"Zoek naar locaties of producten in {cuisine}","consumerWebDiscovery.filter.search.dishSearchHintGrocery":"Zoek op locatie- of productcategorie","consumerWebDiscovery.filter.search.selectResultActionAriaGrocery":"Selecteer zoekresultaat. Je wordt doorgestuurd naar de producten van {restaurantName}.","consumerWebDiscovery.filter.search.searchPlaceholderGrocery":"Locaties en producten","consumerWebDiscovery.filter.search.hintWithPlacesAndItems":"Zoek locaties en producten in {cuisine}","consumerWebDiscovery.filter.search.autocompleteSeeAllOptions":"See all options for {localSearchTerm}","consumerWebDiscovery.filter.search.itemClassDish":"Item","consumerWebDiscovery.filter.search.itemClassRestaurant":"Place","consumerWebDiscovery.filter.search.itemClassCuisine":"Category","consumerWebDiscovery.filter.search.landmarkLabel":"Zoeken en sorteren op","consumerWebDiscovery.filter.search.recentSearchesHeading":"Recente zoekopdrachten","consumerWebDiscovery.filter.rating.label":"Restaurantbeoordelingen","consumerWebDiscovery.filter.rating.singleStarLabel":"sterrenbeoordelingen","consumerWebDiscovery.filter.rating.multipleStarLabel":"sterrenbeoordeling","consumerWebDiscovery.filter.rating.labelRatings":"Beoordelingen","consumerWebDiscovery.filter.rating.labelRating":"Beoordeling","consumerWebDiscovery.filter.sort.bestMatch":"Beste match","consumerWebDiscovery.filter.sort.reviewRating":"Reviews","consumerWebDiscovery.filter.sort.distance":"Afstand","consumerWebDiscovery.filter.sort.deliveryTime":"Geschatte bezorgtijd","consumerWebDiscovery.filter.sort.popularity":"Populariteit","consumerWebDiscovery.filter.sort.minimumOrderValue":"Min. bestelbedrag","consumerWebDiscovery.filter.sort.deliveryFee":"Bezorgkosten","consumerWebDiscovery.filter.sort.averagePrice":"Productprijs","consumerWebDiscovery.filter.sort.restaurantName":"Alfabetisch","consumerWebDiscovery.filter.sort.sortBy":"Sorteren op","consumerWebDiscovery.filter.discount.label":"Kortingen en besparingen","consumerWebDiscovery.filter.discount.discounts":"Kortingen","consumerWebDiscovery.filter.discount.stampCards":"Stempelkaarten","consumerWebDiscovery.filter.discount.info":"Filter op {discounts} om een lekkere aanbieding te vinden. Bestel 5 keer bij hetzelfde restaurant om korting te krijgen met {stampCards}.","consumerWebDiscovery.filter.discount.specialOffers":"Speciale aanbiedingen","consumerWebDiscovery.filter.discount.offers":"Aanbiedingen","consumerWebDiscovery.filter.discount.offersLabel":"Aanbiedingen en acties","consumerWebDiscovery.filter.discount.infoOffersandStampcards":"Filter op {offers} om een lekkere aanbieding te vinden. Bestel 5 keer bij hetzelfde restaurant om korting te krijgen met {stampCards}.","consumerWebDiscovery.filter.discount.tooltipAriaLabel":"Meer informatie over {title}","consumerWebDiscovery.filter.freeDelivery.label":"Gratis bezorging","consumerWebDiscovery.filter.averagePrice.label":"Productprijs","consumerWebDiscovery.filter.mov.label":"Minimum bestelbedrag","consumerWebDiscovery.filter.mov.showAll":"Toon alles","consumerWebDiscovery.filter.mov.xOrLess":"{amount} of minder","consumerWebDiscovery.filter.mov.tooltip":"Dit is het minimale bedrag voor een bestelling. Bezorgkosten zijn niet inbegrepen.","consumerWebDiscovery.filter.mov.tooltipAriaLabel":"Meer informatie over {title}","consumerWebDiscovery.filter.availability.label":"Nu geopend","consumerWebDiscovery.filter.availability.ariaLabel":"Filter op restaurants die nu open zijn","consumerWebDiscovery.filter.availability.openForOrder":"Open voor bestelling","consumerWebDiscovery.filter.emptyState.searchHeader":"We konden dit niet vinden {searchTerm}","consumerWebDiscovery.filter.emptyState.searchMessage":"Heb je de spelling gecontroleerd? Zoek nogmaals of bekijk meer restaurants in jouw regio.","consumerWebDiscovery.filter.emptyState.filterHeader":"Probeer het opnieuwâ¦","consumerWebDiscovery.filter.emptyState.deliveryFilterMessage":"Er zijn {amount} restaurants die bij jou bezorgen. Waarom probeer je niet minder filters?","consumerWebDiscovery.filter.emptyState.pickupFilterMessage":"Je kunt afhalen bij {amount} restaurants. Waarom probeer je niet minder filters?","consumerWebDiscovery.filter.emptyState.resetSearch":"Terug naar restaurants","consumerWebDiscovery.filter.emptyState.resetFilters":"Stel filters opnieuw in","consumerWebDiscovery.filter.emptyState.resetFilter":"Stel filter opnieuw in","consumerWebDiscovery.filter.emptyState.noRestaurantsHeader":"We hebben geen restaurants gevonden op basis van je filterselectie.","consumerWebDiscovery.filter.emptyState.noShippingTypeRestaurantsHeader":"Er zijn helaas geen {shippingType}restaurants gevonden in jouw omgeving","consumerWebDiscovery.filter.emptyState.switchToShippingType":"Omschakelen naar {shippingType} ({count})","consumerWebDiscovery.filter.emptyState.noDeliveryRestaurantsHeader":"Er zijn helaas geen bezorgrestaurants gevonden in jouw omgeving","consumerWebDiscovery.filter.emptyState.noPickupRestaurantsHeader":"Er zijn helaas geen afhaalrestaurants gevonden in jouw omgeving","consumerWebDiscovery.filter.emptyState.placesSearchMessage":"Heb je de spelling gecontroleerd? Zoek nogmaals of bekijk meer  {hasGrocery, select, true {partners} other {restaurants}} in jouw regio.","consumerWebDiscovery.filter.emptyState.resetPlacesSearch":"Terug naar {hasGrocery, select, true {de lijst} other {restaurants}}","consumerWebDiscovery.filter.emptyState.deliveryFilterMessagePlaces":"Er zijn {amount} locaties die bij jou bezorgen. Waarom probeer je niet wat minder filters?","consumerWebDiscovery.filter.emptyState.pickupFilterMessagePlaces":"Je kan bestellingen afhalen bij {amount} locaties. Waarom probeer je niet wat minder filters?","consumerWebDiscovery.filter.emptyState.resetSearchPlaces":"Terug naar locaties","consumerWebDiscovery.filter.emptyState.noPlacesHeader":"We hebben geen resultaat gevonden voor je locatie","consumerWebDiscovery.filter.emptyState.noShippingTypePlacesHeader":"Helaas zijn er geen locaties voor {shippingType} bij jou in de buurt gevonden","consumerWebDiscovery.filter.emptyState.noDeliveryPlacesHeader":"Helaas zijn er geen locaties voor bezorging bij jou in de buurt gevonden","consumerWebDiscovery.filter.emptyState.noPickupPlacesHeader":"Helaas zijn er geen locaties voor afhalen bij jou in de buurt gevonden","consumerWebDiscovery.filter.emptyState.noPlacesSearchMessage":"Heb je de spelling gecontroleerd? Zoek opnieuw of bekijk meer {hasGrocery, select, true {locaties} other {restaurants}} in jouw buurt.","consumerWebDiscovery.filter.emptyState.resetEmptyPlacesSearch":"Terug naar {hasGrocery, select, true {locaties} other {restaurants}}","consumerWebDiscovery.filter.emptyState.filterClearHeader":"Wis je filters","consumerWebDiscovery.filter.emptyState.filterMessage":"Zo loop je misschien wel je nieuwe favoriet mis! Met minder filters krijg je meer opties.","consumerWebDiscovery.filter.emptyState.noCollectionPlacesHeader":"Helaas zijn er geen locaties voor afhalen bij jou in de buurt gevonden","consumerWebDiscovery.filter.emptyState.collectionFilterMessagePlaces":"Je kan bestellingen afhalen bij {amount} locaties. Waarom probeer je niet wat minder filters?","consumerWebDiscovery.filter.emptyState.collectionFilterMessage":"Je kunt afhalen bij {amount} restaurants. Waarom probeer je niet minder filters?","consumerWebDiscovery.filter.emptyState.clearFilters":"Filters wissen","consumerWebDiscovery.filter.emptyState.clearFilter":"Filters wissen","consumerWebDiscovery.filter.emptyState.filterMessageRestaurants":"Door het gebruik van filters mis je misschien wel je nieuwe favoriete restaurant! Met minder filters krijg je meer opties.","consumerWebDiscovery.filter.appliedFiltersBar.moreFilters":"Meer filters","consumerWebDiscovery.filter.appliedFiltersBar.removeFilter":"Verwijder {filtername} filter","consumerWebDiscovery.filter.sodexo.label":"Sodexo","consumerWebDiscovery.filter.dietary.label":"Dieetwensen","consumerWebDiscovery.filter.dietary.halal":"Halal","consumerWebDiscovery.filter.new.label":"Nieuw","consumerWebDiscovery.filter.new.ariaLabel":"Filter op nieuwe restaurants","consumerWebDiscovery.filter.hygiene.label":"Hygiene Rating 3+ / Pass","consumerWebDiscovery.filter.scooberDriver.label":"Bezorgd bij Scoober","consumerWebDiscovery.filter.filterShortcuts.tooltipTitle":"Tik om filters toe te passen\r\n","consumerWebDiscovery.filter.filterShortcuts.tooltipDescription":"Vind wat je nodig hebt met een paar tikken\r\n","consumerWebDiscovery.filter.nonAvailability.label":"Closed now","consumerWebDiscovery.filter.nonAvailability.ariaLabel":"Closed now","consumerWebDiscovery.filter.searchHints.placeholderLong":"Vind locaties, producten of categorieÃ«n","consumerWebDiscovery.filter.searchHints.placeholderShort":"Locaties/producten/categorieÃ«n","consumerWebDiscovery.filter.searchHints.placeholderLongAlt":"Locaties/producten/categorieÃ«n vinden?","consumerWebDiscovery.filter.searchHintsV2.leadingStatic":"Vind ","consumerWebDiscovery.filter.searchHintsV2.optionPlaces":"locaties","consumerWebDiscovery.filter.searchHintsV2.optionItems":"producten","consumerWebDiscovery.filter.searchHintsV2.optionCategories":"categorieÃ«n","consumerWebDiscovery.filter.searchHintsV3.leadingStatic":"Zoek je naar ","consumerWebDiscovery.filter.searchHintsV3.optionPlaces":"locaties?","consumerWebDiscovery.filter.searchHintsV3.optionItems":"producten?","consumerWebDiscovery.filter.searchHintsV3.optionCategories":"een categorie?","consumerWebDiscovery.view.map.label":"Kaart","consumerWebDiscovery.view.map.backToList":"Terug naar overzicht","consumerWebDiscovery.view.map.currentLocation":"Jouw huidige locatie, {address}","consumerWebDiscovery.view.map.restaurantPinLabel":"Kaartlocatie, {restaurantName}.","consumerWebDiscovery.view.map.clusterLabel":"Groep van {amount} restaurants die kan worden uitgeklapt","consumerWebDiscovery.view.map.mapButton":"Kaart","consumerWebDiscovery.view.list.label":"List view","consumerWebDiscovery.restaurantList.section.openingSoon":"Binnenkort geopend","consumerWebDiscovery.restaurantList.section.closedForDelivery":"Gesloten voor bezorging","consumerWebDiscovery.restaurantList.section.closedForPickup":"Gesloten voor afhalen","consumerWebDiscovery.restaurantList.section.open":"Geopend","consumerWebDiscovery.restaurantList.section.closedForCollection":"Gesloten voor afhalen","consumerWebDiscovery.restaurantList.tooltip.title":"Onze zoekresultaten","consumerWebDiscovery.restaurantList.tooltip.body":"Zoekresultaten zijn gebaseerd op verschillende factoren zodat we je de beste ervaring kunnen bieden. Wil je weten hoe het werkt?","consumerWebDiscovery.restaurantList.tooltip.cta":"Ontdek meer","consumerWebDiscovery.restaurantList.tooltip.infoIcon":"Informatie over zoekresultaten","consumerWebDiscovery.restaurantList.tooltip.improvedBody":"Resultaten worden gesorteerd op basis van een combinatie van verschillende factoren.","consumerWebDiscovery.restaurantList.tooltip.improvedCTA":"Ontdek meer","consumerWebDiscovery.restaurantList.tooltip.omnibusShortLinkText":"Zo worden deze resultaten gesorteerd","consumerWebDiscovery.restaurantList.reOrderCarousel.title":"Same again, Please","consumerWebDiscovery.restaurantList.reOrderCarousel.subTitle":"Choose from your past picks","consumerWebDiscovery.restaurantList.reOrderCarousel.showAll":"Toon alles","consumerWebDiscovery.seo.common.title":"{cuisineType} bestellen in {city} {deliveryArea} | {siteName}","consumerWebDiscovery.seo.common.description":"Bestel {cuisineType} in {city} {deliveryArea} online via {siteName}. Food TrackerÂ® en diverse betaalmogelijkheden. Snel en gemakkelijk thuisbezorgd bij jou!","consumerWebDiscovery.seo.common.title_ie":"{hasCuisine, select, true {{cuisine} } other {}}restaurants and takeaways in {area}, {district} | {siteName}","consumerWebDiscovery.seo.common.description_ie":"Order {hasCuisine, select, true {{cuisine} } other {}}food online for delivery from restaurants and takeaways in {area}, {district}{hasCuisine, select, true {} other {; Choose from takeaway food including Pizza, Chinese, Indian and Thai.}}","consumerWebDiscovery.seo.common.title_gb":"{hasCuisine, select, true {{cuisine} } other {}}restaurants and takeaways in {district}, {area} | {siteName}","consumerWebDiscovery.seo.common.description_gb":"Order {hasCuisine, select, true {{cuisine} } other {}}food online for delivery from restaurants and takeaways in {district}, {area}{hasCuisine, select, true {} other {; Choose from takeaway food including Pizza, Chinese, Indian and Thai.}}","consumerWebDiscovery.seo.common.title_es":"{hasCuisine, select, true {{cuisine} } other {}}restaurants in {area}, {district} | {siteName}","consumerWebDiscovery.seo.common.description_es":"Order {hasCuisine, select, true {{cuisine} } other {}}food online for delivery from restaurants and takeaways in {area}, {district}{hasCuisine, select, true {} other {; Choose from takeaway food including Pizza, Chinese, Indian and Thai.}}","consumerWebDiscovery.seo.common.description_it":"Order {hasCuisine, select, true {{cuisine} } other {}}food online for delivery from restaurants and takeaways in {area}, {district}{hasCuisine, select, true {} other {; Choose from takeaway food including Pizza, Chinese, Indian and Thai.}}","consumerWebDiscovery.seo.common.title_it":"{hasCuisine, select, true {{cuisine} } other {}}restaurants in {area}, {district} | {siteName}","consumerWebDiscovery.seo.common.title_au":"{hasCuisine, select, true {{cuisine}} other {Food}} delivery, groceries and takeaways in {area} | {siteName}","consumerWebDiscovery.seo.common.description_au":"Order food online and groceries for delivery or takeaway in {area}; Choose from supermarkets, shops and restaurants offering Pizza, Chinese, Indian and much more.","consumerWebDiscovery.header.common.orderCuisineFromXRestaurants":"Bestel{isCuisineSelected, select, true { {cuisine}} other {}} bij {numberOfRestaurants, select, 1 {1 restaurant} other {{numberOfRestaurants} restaurants}}","consumerWebDiscovery.header.common.moreInfo":"Meer info","consumerWebDiscovery.header.common.orderCuisineFromXPlaces":"Bestel{isCuisineSelected, select, true { {cuisine}} other {}} bij {numberOfRestaurants, select, 1 {1 partner} other {{numberOfRestaurants} locaties}}","consumerWebDiscovery.header.common.loadingRestaurants":"Restaurants laden...","consumerWebDiscovery.header.common.searchResults":"Zoekresultaten","consumerWebDiscovery.header.common.orderFromXPlaces":"{numberOfRestaurants, select, 1 {Bestel bij 1 partner} other {Bestel bij {numberOfRestaurants} locaties}}","consumerWebDiscovery.header.common.XPlacesMatchFilterName":"{numberOfRestaurants, select, 1 {1 place} other {{numberOfRestaurants} places}} match {filterName}","consumerWebDiscovery.header.common.XPlacesMatchYourFilters":"{numberOfRestaurants, select, 1 {1 place} other {{numberOfRestaurants} places}} match your filters","consumerWebDiscovery.header.common.removeThisFilter":"Verwijder filter","consumerWebDiscovery.header.common.clearAllFilters":"Wis alle filters","consumerWebDiscovery.search.actions.reset":"zoekopdracht {searchterm} verwijderd. Je kunt een nieuwe zoekopdracht starten.","consumerWebDiscovery.search.results.servings":"{amount} servings","consumerWebDiscovery.search.results.deposit":"+ {value} statiegeld","consumerWebDiscovery.search.results.depositDe":"excl. statiegeld ({value})","consumerWebDiscovery.search.results.from":"vanaf","consumerWebDiscovery.restaurantCard.mov.min":"Min. {mov}","consumerWebDiscovery.restaurantCard.shippingTime.durationInMinutes":"{duration} min","consumerWebDiscovery.restaurantCard.shippingTime.closedForDelivery":"Gesloten voor bezorging","consumerWebDiscovery.restaurantCard.shippingTime.closedForPickup":"Gesloten voor afhalen","consumerWebDiscovery.restaurantCard.shippingTime.preorder":"Vanaf {time}","consumerWebDiscovery.restaurantCard.badge.new":"Nieuw","consumerWebDiscovery.restaurantCard.badge.favourite":"Favoriet","consumerWebDiscovery.restaurantCard.badge.popular":"Tip","consumerWebDiscovery.restaurantCard.badge.offer":"Aanbieding","consumerWebDiscovery.restaurantCard.badge.sponsored":"Gesponsord","consumerWebDiscovery.restaurantCard.badge.stampCards":"Stempelkaart","consumerWebDiscovery.restaurantCard.badge.droneDelivery":"Drone delivery available","consumerWebDiscovery.restaurantCard.aria.showMenu":"Toont menu voor favoriete restaurant {restaurant}","consumerWebDiscovery.restaurantCard.aria.showItems":"Toon producten van je favoriete {restaurant}","consumerWebDiscovery.restaurantCard.deliveryCosts.free":"GRATIS","consumerWebDiscovery.restaurantCard.sponsored.label":"Gesponsord","consumerWebDiscovery.restaurantCard.preOrderOrOfflineAvailability.deliveryOnly":"Alleen bezorging","consumerWebDiscovery.restaurantCard.preOrderOrOfflineAvailability.notTakingOrders":"Neemt geen bestellingen aan","consumerWebDiscovery.restaurantCard.preOrderOrOfflineAvailability.collectFromOrGetDeliveredNow":"Afhalen vanaf {when} of nu bezorgen","consumerWebDiscovery.restaurantCard.preOrderOrOfflineAvailability.collectFrom":"Afhalen vanaf {when}","consumerWebDiscovery.restaurantCard.preOrderOrOfflineAvailability.deliveryFromOrCollectNow":"Bezorging vanaf {when} of nu afhalen","consumerWebDiscovery.restaurantCard.preOrderOrOfflineAvailability.deliveryFrom":"Bezorging vanaf {when}","consumerWebDiscovery.restaurantCard.preOrderOrOfflineAvailability.tomorrow":"morgen","consumerWebDiscovery.restaurantCard.preOrderOrOfflineAvailability.collectOnly":"Alleen afhalen","consumerWebDiscovery.restaurantCard.preOrderOrOfflineAvailability.now":"now","consumerWebDiscovery.restaurantCard.preOrderOrOfflineAvailability.opens":"vanaf","consumerWebDiscovery.restaurantCard.preOrderOrOfflineAvailability.opensAtCap":"Opent om","consumerWebDiscovery.restaurantCard.preOrderOrOfflineAvailability.closedFor":"Closed for","consumerWebDiscovery.restaurantCard.preOrderOrOfflineAvailability.from":"from","consumerWebDiscovery.restaurantCard.preOrderOrOfflineAvailability.closedCollection":"Afhalen gesloten","consumerWebDiscovery.restaurantCard.preOrderOrOfflineAvailability.deliveryClosed":"Gesloten voor bezorging","consumerWebDiscovery.restaurantCard.newPreOrderOrOfflineAvailability.closedPickup":"Gesloten voor afhalen","consumerWebDiscovery.restaurantCard.newPreOrderOrOfflineAvailability.openPickup":"Nu afhalen","consumerWebDiscovery.restaurantCard.newPreOrderOrOfflineAvailability.closedDelivery":"Gesloten voor bezorging","consumerWebDiscovery.restaurantCard.newPreOrderOrOfflineAvailability.openDelivery":"Nu bezorgen","consumerWebDiscovery.restaurantCard.newPreOrderOrOfflineAvailability.preOrderPickup":"Open voor afhalen om","consumerWebDiscovery.restaurantCard.newPreOrderOrOfflineAvailability.preOrderDelivery":"Open voor bezorging om","consumerWebDiscovery.restaurantCard.newPreOrderOrOfflineAvailability.preOrderDeliveryAlt":"Bezorging om","consumerWebDiscovery.restaurantCard.newPreOrderOrOfflineAvailability.preOrderPickupAlt":"Afhalen vanaf","consumerWebDiscovery.restaurantCard.newPreOrderOrOfflineAvailability.openPickupAlt":"Nu afhalen","consumerWebDiscovery.restaurantCard.newPreOrderOrOfflineAvailability.closedPickupAlt":"Afhalen gesloten","consumerWebDiscovery.restaurantCard.newPreOrderOrOfflineAvailability.opensAt":"Opent om","consumerWebDiscovery.restaurantCard.newPreOrderOrOfflineAvailability.preOrderPickupAltAlt":"Afhalen vanaf","consumerWebDiscovery.restaurantCard.newPreOrderOrOfflineAvailability.notTakingOrders":"Neemt geen bestellingen aan","consumerWebDiscovery.restaurantCard.newPreOrderOrOfflineAvailability.openForCollectionAndDelivery":"Open voor bezorging en afhalen om","consumerWebDiscovery.campaigns.sample__banner__desktop.altText":"Sample banner","consumerWebDiscovery.campaigns.sample__banner__desktop.registered__body":"Sample text of the banner. Click to learn more.","consumerWebDiscovery.campaigns.sample__banner__desktop.registered__title":"A sample of the banner's title","consumerWebDiscovery.campaigns.sample__banner__mobile.altText":"SAMPLE BANNER","consumerWebDiscovery.campaigns.sample__banner__mobile.registered__body":"Sample text of the banner. Click to learn more.","consumerWebDiscovery.campaigns.sample__banner__mobile.registered__title":"A sample of the banner's title","consumerWebDiscovery.campaigns.sample__modal__desktop.altText":"Sample modal","consumerWebDiscovery.campaigns.sample__modal__desktop.registered__body":"Sample text of the modal. Click to learn more.","consumerWebDiscovery.campaigns.sample__modal__desktop.registered__title":"A sample of the modal's title","consumerWebDiscovery.campaigns.sample__modal__mobile.altText":"Sample modal","consumerWebDiscovery.campaigns.sample__modal__mobile.registered__body":"Sample text of the modal. Click to learn more.","consumerWebDiscovery.campaigns.sample__modal__mobile.registered__title":"A sample of the modal's title","consumerWebDiscovery.campaigns.orderAndWin__banner__desktop.guest__title":"Dutch","consumerWebDiscovery.campaigns.orderAndWin__banner__desktop.guest_text":"dutch text","consumerWebDiscovery.campaigns.uefa__banner__desktop.altText":"Dummy AltText","consumerWebDiscovery.campaigns.uefa__banner__desktop.logoUrl":"https://assets.takeaway.com/consumer-web/campaigns/match-deals/Starball_White.svg","consumerWebDiscovery.campaigns.uefa__banner__desktop.guest__title":"Scoor een voucher","consumerWebDiscovery.campaigns.uefa__banner__desktop.registered__body":"Als je bestelt op wedstrijddagen. Algemene voorwaarden zijn van toepassing.","consumerWebDiscovery.campaigns.uefa__banner__desktop.guest__body":"Op wedstrijddagen. Meld je aan bij het afrekenen. Voorwaarden van toepassing.","consumerWebDiscovery.campaigns.uefa__banner__desktop.registered__title":"Scoor een voucher","consumerWebDiscovery.campaigns.uefa__dialog__desktop.guest__title":"Scoor een voucher","consumerWebDiscovery.campaigns.uefa__dialog__desktop.logoUrl":"https://assets.takeaway.com/consumer-web/campaigns/match-deals/Starball_White.svg","consumerWebDiscovery.campaigns.uefa__dialog__desktop.registered__body":"Als je bestelt op wedstrijddagen â dinsdag, woensdag en donderdag â dan krijg je van ons een voucher voor een heerlijke wedstrijdmaaltijd. Wat wordt het? Frituursnacks? Een versgebakken pizza? Jij kiest, wij bezorgen. \r\n\r\nAlgemene voorwaarden zijn van toepassing. Minimumbedrag is van toepassing.","consumerWebDiscovery.campaigns.uefa__dialog__desktop.cta":"Bestel nu","consumerWebDiscovery.campaigns.uefa__dialog__desktop.registered__title":"Gratis bezorging op wedstrijddagen","consumerWebDiscovery.campaigns.uefa__dialog__desktop.guest__body":"Als je bestelt op wedstrijddagen â dinsdag, woensdag en donderdag â krijg je een voucher voor een heerlijke wedstrijdmaaltijd. Wat wordt het? Frituursnacks? Een versgebakken pizza? Jij kiest, wij bezorgen.\r\n\r\nMeedoen? Meld je aan voor aanbiedingen en updates tijdens het afrekenen.\r\n\r\nVoorwaarden van toepassing. Minimumbedrag van toepassing.","consumerWebDiscovery.campaigns.uefa__banner__mobile.altText":"dummy altText","consumerWebDiscovery.campaigns.uefa__banner__mobile.logoUrl":"https://assets.takeaway.com/consumer-web/campaigns/match-deals/Starball_White.svg","consumerWebDiscovery.campaigns.uefa__banner__mobile.registered__body":"Als je bestelt op wedstrijddagen. Algemene voorwaarden zijn van toepassing.","consumerWebDiscovery.campaigns.uefa__banner__mobile.registered__title":"Scoor een voucher","consumerWebDiscovery.campaigns.uefa__banner__mobile.guest__body":"Op wedstrijddagen. Meld je aan bij het afrekenen. Voorwaarden van toepassing.","consumerWebDiscovery.campaigns.uefa__banner__mobile.guest__title":"Scoor een voucher","consumerWebDiscovery.campaigns.uefa__dialog__mobile.logoUrl":"https://assets.takeaway.com/consumer-web/campaigns/match-deals/Starball_White.svg","consumerWebDiscovery.campaigns.uefa__dialog__mobile.registered__title":"Scoor een voucher","consumerWebDiscovery.campaigns.uefa__dialog__mobile.registered__body":"Als je bestelt op wedstrijddagen â dinsdag, woensdag en donderdag â dan krijg je van ons een voucher voor een heerlijke wedstrijdmaaltijd. Wat wordt het? Frituursnacks? Een versgebakken pizza? Jij kiest, wij bezorgen. \r\n\r\nAlgemene voorwaarden zijn van toepassing. Minimumbedrag is van toepassing.","consumerWebDiscovery.campaigns.uefa__dialog__mobile.cta":"Bestel nu","consumerWebDiscovery.campaigns.uefa__dialog__mobile.guest__body":"Als je bestelt op wedstrijddagen â dinsdag, woensdag en donderdag â krijg je een voucher voor een heerlijke wedstrijdmaaltijd. Wat wordt het? Frituursnacks? Een versgebakken pizza? Jij kiest, wij bezorgen.\r\n\r\nMeedoen? Meld je aan voor aanbiedingen en updates tijdens het afrekenen.\r\n\r\nVoorwaarden van toepassing. Minimumbedrag van toepassing.","consumerWebDiscovery.campaigns.uefa__dialog__mobile.guest__title":"Scoor een voucher","consumerWebHelpCenter.test.test.test":"Testing in English","consumerWebHelpCenter.article.relatedArticles.title":"Relevante artikelen","consumerWebHelpCenter.article.relatedArticles.readMore":"Lees meer","consumerWebHelpCenter.article.voteSection.prompt":"Was dit artikel behulpzaam?","consumerWebHelpCenter.article.voteSection.thanksMessage":"Hartelijk bedankt.","consumerWebHelpCenter.article.voteSection.changedMyMind":"Ik ben van gedachten veranderd","consumerWebHelpCenter.contactUs.contactForm.title":"Neem contact op","consumerWebHelpCenter.contactUs.contactForm.reasonOfContact":"Reden voor contact","consumerWebHelpCenter.contactUs.contactForm.reasonOfContactPlaceholder":"Voer de reden voor contact in","consumerWebHelpCenter.contactUs.contactForm.reasonOfContactRequired":"Voer alsjeblieft een reden in","consumerWebHelpCenter.contactUs.contactForm.orderNumber":"Bestelnummer","consumerWebHelpCenter.contactUs.contactForm.selectAnOrder":"Kies een bestelling","consumerWebHelpCenter.contactUs.contactForm.name":"Naam","consumerWebHelpCenter.contactUs.contactForm.namePlaceholder":"Voer je complete naam in","consumerWebHelpCenter.contactUs.contactForm.nameRequired":"Voer alsjeblieft je voor- en achternaam in","consumerWebHelpCenter.contactUs.contactForm.nameInvalid":"Voer alsjeblieft een geldige naam in.","consumerWebHelpCenter.contactUs.contactForm.phoneNumber":"Nummer waaronder we je kunnen bereiken","consumerWebHelpCenter.contactUs.contactForm.phoneNumberPlaceholder":"Voer je telefoonnummer met landnummer in.","consumerWebHelpCenter.contactUs.contactForm.phoneNumberRequired":"Typ alsjeblieft je telefoonnummer in.","consumerWebHelpCenter.contactUs.contactForm.phoneNumberInvalid":"Het moet een geldig telefoonnummer zijn. Bijvoorbeeld +4312675877051","consumerWebHelpCenter.contactUs.contactForm.emailAddress":"E-mailadres","consumerWebHelpCenter.contactUs.contactForm.emailAddressPlaceholder":"Voer je e-mailadres in","consumerWebHelpCenter.contactUs.contactForm.emailAddressRequired":"Voer alsjeblieft je e-mailadres in.","consumerWebHelpCenter.contactUs.contactForm.emailAddressInvalid":"Het moet een geldig e-mailadres zijn","consumerWebHelpCenter.contactUs.contactForm.description":"Kun je ons iets meer vertellen?","consumerWebHelpCenter.contactUs.contactForm.descriptionPlaceholder":"Laat ons zo gedetailleerd mogelijk weten wat er gebeurd is zodat we je kunnen helpen.","consumerWebHelpCenter.contactUs.contactForm.descriptionRequired":"Vertel ons alsjeblieft wat het probleem is","consumerWebHelpCenter.contactUs.contactForm.submitButton":"Verzend","consumerWebHelpCenter.contactUs.contactForm.failureTitle":"Bericht niet verzonden.","consumerWebHelpCenter.contactUs.contactForm.successTitle":"We gaan ermee aan de slag.","consumerWebHelpCenter.contactUs.contactForm.successMessage":"Bedankt voor je bericht. Iemand van onze klantenservice neemt zo snel mogelijk contact met je op.","consumerWebHelpCenter.contactUs.contactForm.failureMessage":"Het spijt ons, we ervaren wat problemen en konden je bericht niet verzenden. Probeer het later nog eens","consumerWebHelpCenter.contactUs.contactForm.homePageLink":"Ga naar Help Center","consumerWebHelpCenter.contactUs.contactForm.orderReferencePlaceholder":"Voer je bestelnummer in","consumerWebHelpCenter.contactUs.contactForm.orderReferenceInvalid":"Het moet een geldig bestelnummer zijn. Bijvoorbeeld XY12B3","consumerWebHelpCenter.contactUs.contactForm.selectCartItems":"Om welke producten gaat het? Selecteer alle producten die van toepassing zijn.","consumerWebHelpCenter.contactUs.contactForm.closeScreenMessage":"Je kunt dit scherm nu sluiten.","consumerWebHelpCenter.contactUs.contactForm.orderRestaurantSubtitle":"{orderNumber} van {restaurant}","consumerWebHelpCenter.contactUs.contactForm.orderSubtitle":"Bestelnr. {orderNumber}","consumerWebHelpCenter.contactUs.contactForm.okButton":"Oke","consumerWebHelpCenter.contactUs.contactForm.nextButton":"Volgende","consumerWebHelpCenter.contactUs.contactForm.failureValidationMessage":"Het spijt ons, we ervaren wat problemen en konden je bericht niet verzenden. Probeer het later nog eens.","consumerWebHelpCenter.contactUs.contactForm.failureDuplicationMessage":"We hebben je verzoek ontvangen en ons team onderzoekt het. We nemen binnenkort contact op met een update.","consumerWebHelpCenter.contactUs.contactForm.dsaSuccessTitle":"Bedankt voor het melden van je juridische zorgen","consumerWebHelpCenter.contactUs.contactForm.dsaSuccessMessage":"Je melding is ontvangen","consumerWebHelpCenter.contactUs.contactForm.chatbotMissingItemsTitle":"Om welke producten gaat het?","consumerWebHelpCenter.contactUs.contactForm.chatbotMissingItemsDescription":"Maak een selectie om ons te helpen dit op te lossen:","consumerWebHelpCenter.contactUs.contactForm.cancelButton":"Annuleren","consumerWebHelpCenter.contactUs.contactForm.chatbotMissingItemsOtherTitle":"Anything else to share with us?","consumerWebHelpCenter.contactUs.contactForm.chatbotSubmitButton":"Submit","consumerWebHelpCenter.contactUs.contactForm.selectedItemsMessage":"Geselecteerde product(en): {missingItems}","consumerWebHelpCenter.contactUs.contactForm.chatBotMissingItemsOptionText":"Staan je producten er niet tussen? Hierna volgt de optie om extra producten toe te voegen in de details.","consumerWebHelpCenter.contactUs.contactForm.noSelectedItemsMessage":"Geen producten geselecteerd","consumerWebHelpCenter.contactUs.contactForm.chatbotAdditionalContextRequired":"Please tell us what was wrong","consumerWebHelpCenter.contactUs.contactForm.chatbotItemPickerSelectedMessage":"Geselecteerde product(en)","consumerWebHelpCenter.contactUs.commons.buttonText":"Neem contact met ons op","consumerWebHelpCenter.contactUs.commons.headerTitle":"Niet kunnen vinden wat je zocht?","consumerWebHelpCenter.contactUs.dsaContactForm.subtitle":"Gebruik dit formulier als je denkt dat de geselecteerde inhoud niet in overeenstemming is met de toepasselijke wetgeving of ons inhoudsbeleid. We zullen je melding bekijken en waar nodig actie ondernemen.","consumerWebHelpCenter.contactUs.dsaContactForm.title":"Een juridische melding doen","consumerWebHelpCenter.contactUs.dsaContactForm.topicLabel":"Welk onderwerp?","consumerWebHelpCenter.contactUs.dsaContactForm.submitButton":"Verzend","consumerWebHelpCenter.contactUs.dsaContactForm.reasonLabel":"Reden","consumerWebHelpCenter.contactUs.dsaContactForm.descriptionDetailText":"Geef de exacte inhoud aan en wees specifiek in je redenen waarom je vindt dat die inhoud onwettig is en onder welke wetten en/of Thuisbezorgd.nl beleid. Als je handelt namens een geregistreerde Vertrouwde Melder, geef dan hier de gegevens van de entiteit op zodat we je melding dienovereenkomstig kunnen afhandelen.","consumerWebHelpCenter.contactUs.dsaContactForm.descriptionPlaceholder":"Geef de details van je melding.","consumerWebHelpCenter.contactUs.dsaContactForm.descriptionLabel":"Vertel ons meer","consumerWebHelpCenter.contactUs.dsaContactForm.confirmationText":"Ik bevestig dat de informatie en beweringen in dit rapport naar mijn beste weten accuraat, volledig en waarheidsgetrouw zijn.","consumerWebHelpCenter.contactUs.dsaContactForm.topicRequired":"Selecteer een onderwerp","consumerWebHelpCenter.contactUs.dsaContactForm.reasonRequired":"Selecteer een reden","consumerWebHelpCenter.contactUs.dsaContactForm.nameRequired":"Volledige naam is verplicht","consumerWebHelpCenter.contactUs.dsaContactForm.nameInvalid":"Voer alsjeblieft een geldige naam in.","consumerWebHelpCenter.contactUs.dsaContactForm.emailAddressRequired":"E-mailadres is verplicht","consumerWebHelpCenter.contactUs.dsaContactForm.emailAddressInvalid":"Geef alsjeblieft een geldig e-mailadres op","consumerWebHelpCenter.contactUs.dsaContactForm.descriptionRequired":"Details van je melding zijn verplicht","consumerWebHelpCenter.contactUs.dsaContactForm.selectAReason":"Selecteer een reden","consumerWebHelpCenter.contactUs.dsaContactForm.confirmationRequired":"Bevestiging is verplicht","consumerWebHelpCenter.contactUs.dsaContactForm.privacyText":"Alle persoonsgegevens die je verstrekt, worden verwerkt in overeenstemming met onze privacyverklaring die {privacyLink} beschikbaar is.","consumerWebHelpCenter.contactUs.dsaContactForm.privacyHereText":"hier","consumerWebHelpCenter.contactUs.dsaContactForm.privacyTitle":"Privacy Statement","consumerWebHelpCenter.commons.search.placeholder":"Search help articles","consumerWebHelpCenter.commons.categoryNavigator.title":"Niet kunnen vinden wat je zocht?","consumerWebHelpCenter.commons.categoryNavigator.description":"Je kunt proberen om informatie te zoeken in andere categorieÃ«n van het Help Center","consumerWebHelpCenter.commons.breadcrumbs.homePageLinkText":"Homepage","consumerWebHelpCenter.commons.breadcrumbs.orderSuccessPageLinkText":"Jouw bestelling","consumerWebHelpCenter.commons.breadcrumbs.assistantPageLinkText":"Hulp met mijn bestelling","consumerWebHelpCenter.commons.breadcrumbs.findAnotherOrderLinkText":"Vind een andere bestelling","consumerWebHelpCenter.commons.extendedCategoryNavigator.heading":"Blader door alle onderwerpen","consumerWebHelpCenter.commons.extendedCategoryNavigator.showMore":"Toon meer","consumerWebHelpCenter.topic.content.showMore":"Toon meer","consumerWebHelpCenter.topic.content.showLess":"Toon minder","consumerWebHelpCenter.topic.noArticlesFor.selectAnotherTopic":"Kies een ander onderwerp.","consumerWebHelpCenter.topic.noArticlesFor.couldntFind":"We hebben geen artikelen kunnen vinden over","consumerWebHelpCenter.category.noContent.selectAnotherCategory":"Kies een andere categorie","consumerWebHelpCenter.category.noContent.couldntFind":"We hebben geen onderwerpen kunnen vinden over","consumerWebHelpCenter.home.restaurantSupport.question":"Ben je een restauranteigenaar?","consumerWebHelpCenter.home.restaurantSupport.answer":"Bezoek alsjeblieft onze speciale hulppagina met vragen en antwoorden voor restauranteigenaren.","consumerWebHelpCenter.home.restaurantSupport.button":"Ondersteuning voor restauranteigenaren","consumerWebHelpCenter.home.restaurantSupport.restaurantPortalUrl":"https://shop.takeaway.com/nl-BE/customer-service/faq","consumerWebHelpCenter.home.header.heading":"Hoe kunnen wij je helpen?","consumerWebHelpCenter.home.allCategories.heading":"Blader door alle onderwerpen","consumerWebHelpCenter.home.categoryCard.showMore":"Toon meer","consumerWebHelpCenter.home.popularArticles.heading":"Populaire artikels","consumerWebHelpCenter.home.popularArticles.readMore":"Lees meer","consumerWebHelpCenter.home.ctaAssistantSection.question":"Heb je hulp nodig bij jouw bestelling?","consumerWebHelpCenter.home.ctaAssistantSection.answer":"Bezoek onze ondersteuningspagina voor jouw bestelling.","consumerWebHelpCenter.seo.home.title":"{brandName} Klantenservice - Help Center","consumerWebHelpCenter.seo.home.description":"Welkom bij ons {brandName} Help Center. Hier vind je antwoord op je vragen en kun je contact opnemen met onze klantenservice","consumerWebHelpCenter.seo.contactUs.title":"Neem contact op - {brandName} Klantenservice","consumerWebHelpCenter.seo.commons.title":"{title} - {brandName} Klantenservice","consumerWebHelpCenter.seo.search.title":"Zoekresultaat voor {term} - {brandName} Klantenservice","consumerWebHelpCenter.seo.assistant.title":"{brandName} Klantenservice - Help Center","consumerWebHelpCenter.seo.assistant.description":"Welkom bij ons {brandName} Help Center. Hier vind je antwoord op je vragen en kun je contact opnemen met onze klantenservice","consumerWebHelpCenter.seo.itemPicker.title":"{brandName} Klantenservice - Help Center","consumerWebHelpCenter.genericError.content.text":"We konden deze pagina niet vinden. Zoek anders een artikel op of blader door een van de onderstaande categorieÃ«n?","consumerWebHelpCenter.genericError.header.text":"Oeps, content niet gevonden","consumerWebHelpCenter.search.searchForm.failureMessage":"Typ ten minste 3 tekens in om te zoeken","consumerWebHelpCenter.search.searchForm.placeholder":"Help-artikelen zoeken","consumerWebHelpCenter.search.commons.buttonText":"{amount} resultaten voor {term}","consumerWebHelpCenter.search.commons.title":"{amount} resultaten voor \"{term}\"","consumerWebHelpCenter.search.commons.readMore":"Lees meer","consumerWebHelpCenter.search.resultNotFound.title":"No results found for {term}","consumerWebHelpCenter.search.resultNotFound.description":"Unfortunately, we couldnât find any results. Maybe some of these tips will help?","consumerWebHelpCenter.search.resultNotFound.tipFirst":"Check the grammar of your search query.","consumerWebHelpCenter.search.resultNotFound.tipSecond":"Try a different search query.","consumerWebHelpCenter.search.resultNotFound.tipThird":"Go to the","consumerWebHelpCenter.search.resultNotFound.homeLink":"Help Center homepage","consumerWebHelpCenter.assistant.commons.pageTitle":"Hulp met mijn bestelling","consumerWebHelpCenter.assistant.commons.selectOrder":"Selecteer jouw bestelling","consumerWebHelpCenter.assistant.commons.selectContactReason":"Selecteer jouw reden van je contact","consumerWebHelpCenter.assistant.commons.orderNo":"Bestelnr. {orderNumber}","consumerWebHelpCenter.assistant.commons.howCanWeHelp":"Hoe kunnen we helpen?","consumerWebHelpCenter.assistant.commons.viewOrder":"Bekijk bestelling","consumerWebHelpCenter.assistant.commons.errorTitle":"Er is iets misgegaan","consumerWebHelpCenter.assistant.commons.errorDescription":"Door een probleem aan onze kant kunnen we je bestelling niet laden, onze excuses. Probeer het later opnieuw.","consumerWebHelpCenter.assistant.commons.orderHelp":"Hulp bij de bestelling","consumerWebHelpCenter.assistant.commons.welcomeMessage":"Hoi! Hoe kunnen we je helpen?","consumerWebHelpCenter.assistant.commons.guestSignInHeading":"Kunnen we helpen met een bestelling?","consumerWebHelpCenter.assistant.commons.guestSignInDescription":"Log in voor jouw bestellingsstatus, bezorgtijd of als je ergens hulp bij nodig hebt.","consumerWebHelpCenter.assistant.commons.guestSignInButton":"Inloggen","consumerWebHelpCenter.assistant.commons.findOrderHeading":"Vind mijn bestelling","consumerWebHelpCenter.assistant.commons.findOrderDescription":"Vul je bestellingsgegevens in voor hulp bij een bestelling.","consumerWebHelpCenter.assistant.commons.findOrderNumberPlaceholder":"Bestelnummer","consumerWebHelpCenter.assistant.commons.findOrderEmailPlaceholder":"E-mailadres","consumerWebHelpCenter.assistant.commons.findOrderButton":"Vind mijn bestelling","consumerWebHelpCenter.assistant.commons.findOrderNumberRequiredError":"Vul je bestelnummer in","consumerWebHelpCenter.assistant.commons.findOrderEmailRequiredError":"Vul je e-mailadres in","consumerWebHelpCenter.assistant.commons.findOrderError":"Er was een probleem bij het vinden van je bestelling. Controleer alsjeblieft het bestelnummer en emailadres.","consumerWebHelpCenter.assistant.commons.findOrderEmailInvalidError":"Vul een geldig e-mailadres in","consumerWebHelpCenter.assistant.commons.noOrdersHeading":"Je hebt nog geen bestellingen geplaatst","consumerWebHelpCenter.assistant.commons.findRestaurants":"Vind restaurants","consumerWebHelpCenter.assistant.commons.findOrderNumberInvalidError":"Vul een geldig ordernummer in","consumerWebHelpCenter.assistant.commons.callTheRestaurant":"Ik wil de partner bellen","consumerWebHelpCenter.assistant.commons.orderWithRestaurant":"{orderNumber} van {restaurant}","consumerWebHelpCenter.assistant.commons.assistantModalLabel":"Help With Order","consumerWebHelpCenter.assistant.commons.cancelButton":"Annuleren","consumerWebHelpCenter.assistant.commons.feedbackTitle":"Help ons verbeteren","consumerWebHelpCenter.assistant.commons.feedbackDescription":"Hoe zou je de service beoordelen die je vandaag ontvangen hebt?","consumerWebHelpCenter.assistant.commons.feedbackCancelText":"Nee, bedankt","consumerWebHelpCenter.assistant.commons.feedbackSuccessButton":"Back to help center","consumerWebHelpCenter.assistant.commons.feedbackSuccessTitle":"Bedankt","consumerWebHelpCenter.assistant.commons.feedbackSuccessDescription":"Jouw feedback betekent veel voor ons","consumerWebHelpCenter.assistant.commons.okText":"Oke","consumerWebHelpCenter.assistant.commons.guidedChatbotTitle":"Is er iets mis?","consumerWebHelpCenter.assistant.commons.guidedChatbotDescription":"Onze assistent kan helpen","consumerWebHelpCenter.assistant.commons.guidedChatbotButtonLabel":"Start chat","consumerWebHelpCenter.assistant.commons.notificationText":"Our response time is slower due to technical issues with our ticketing partner. Apologies for the incovenience.","consumerWebHelpCenter.assistant.helpWithOrder.label":"Ik heb hulp nodig bij mijn bestelling","consumerWebHelpCenter.assistant.restaurantSupport.answer":"Bezoek alsjeblieft onze speciale hulppagina met vragen en antwoorden voor restauranteigenaren.","consumerWebHelpCenter.assistant.restaurantSupport.button":"Ondersteuning voor restauranteigenaren","consumerWebHelpCenter.assistant.restaurantSupport.question":"Ben je een restauranteigenaar?","consumerWebHelpCenter.assistant.emojiRating.emojiRatingPoor":"Poor","consumerWebHelpCenter.assistant.emojiRating.emojiRatingVeryPoor":"Very Poor","consumerWebHelpCenter.assistant.emojiRating.emojiRatingAverage":"Average","consumerWebHelpCenter.assistant.emojiRating.emojiRatingGood":"Good","consumerWebHelpCenter.assistant.emojiRating.emojiRatingVeryGood":"Very Good","consumerWebHelpCenter.chatbot.itemPicker.additionalContextLabel":"Please tell us more (required)","consumerWebHelpCenter.chatbot.itemPicker.additionalContextPlaceholder":"Which items were affected from this meal? e.g Fries","consumerWebHelpCenter.chatbot.itemPicker.chatbotMissingItemsTitle":"Om welke producten gaat het?","consumerWebHelpCenter.chatbot.itemPicker.chatbotMissingItemsDescription":"Maak een selectie om ons te helpen dit op te lossen:","consumerWebHelpCenter.chatbot.itemPicker.chatBotMissingItemsOptionText":"Staan je producten er niet tussen? Hierna volgt de optie om extra producten toe te voegen in de details.","consumerWebHelpCenter.chatbot.itemPicker.nextButton":"Volgende","consumerWebHelpCenter.chatbot.itemPicker.cancelButton":"Annuleren","consumerWebHelpCenter.chatbot.itemPicker.chatbotItemPickerSelectedMessage":"Geselecteerde product(en)","consumerWebHelpCenter.chatbot.itemPicker.noSelectedItemsMessage":"Geen producten geselecteerd","consumerWebHelpCenter.chatbot.itemPicker.chatbotAdditionalContextRequired":"Please tell us what was wrong","consumerWebHome.sections.findRestaurants.timeToOrder":"Tijd om eten te bestellen","consumerWebHome.sections.findRestaurants.restaurantsInYourArea":"Vind restaurants bij jou in de buurt","consumerWebHome.sections.findRestaurants.orderFoodAndMore":"Bestel eten en meer","consumerWebHome.sections.findRestaurants.restaurantsAndGroceriesNearByYou":"Restaurants en boodschappen in de buurt","consumerWebHome.sections.findRestaurants.findRestaurantsAndShops":"Zoek restaurants en winkels in de buurt","consumerWebHome.sections.findRestaurants.restaurantsNearByYou":"Restaurants in de buurt","consumerWebHome.sections.findRestaurants.restaurantsAndShopsNearByYou":"Restaurants en winkels in de buurt","consumerWebHome.sections.findRestaurants.restaurantsAndGroceriesAndShopsNearYou":"Restaurants, grocery and shops delivering near you","consumerWebHome.sections.highlights.subtitle":"Jouw tijd.","consumerWebHome.sections.highlights.bonus":"Loyaliteitsprogrammaâs","consumerWebHome.sections.highlights.guarantee":"Onze belofte","consumerWebHome.sections.highlights.benefits":"Jouw voordelen","consumerWebHome.sections.highlights.receiveStamps":"{receiveStampsLink}, kortingen, promoties, nieuws en meer via onze nieuwsbrief en social media kanalen","consumerWebHome.sections.highlights.excellentService":"Uitmuntende service","consumerWebHome.sections.highlights.authenticReviews":"Authentieke beoordelingen","consumerWebHome.sections.highlights.ourPriceGuarantee":"{ourPriceGuaranteeLink} - thuis of in het restaurant, je betaalt altijd hetzelfde","consumerWebHome.sections.highlights.partnerRestaurants":"Meer dan {numberPartners} restaurants om uit te kiezen","consumerWebHome.sections.highlights.payOnline":"Betaal online of contant","consumerWebHome.sections.highlights.orderAnytime":"Bestel waar en wanneer je maar wilt, op elk apparaat","consumerWebHome.sections.highlights.receiveStampsLink":"Ontvang stempels","consumerWebHome.sections.highlights.ourPriceGuaranteeLink":"Onze prijsgarantie","consumerWebHome.sections.highlights.nextCard":"Ga naar de volgende kaart","consumerWebHome.sections.highlights.pointsProgramBody":"{pointsProgram}: spaar punten voor mooie aanbiedingen","consumerWebHome.sections.highlights.pointsProgram":"Het {loyaltyShopName} programma","consumerWebHome.sections.highlights.partnerPlaces":"Meer dan {numberPartners} locaties om uit te kiezen","consumerWebHome.sections.highlights.guaranteeAddition_ch":"The biggest selection of restaurants in Switzerland.","consumerWebHome.sections.highlights.guaranteeAddition_au":"The biggest selection of restaurants.","consumerWebHome.sections.highlights.guaranteeAddition_at":"The biggest selection of restaurants.","consumerWebHome.sections.highlights.guaranteeAddition_be":"The biggest selection of restaurants.","consumerWebHome.sections.highlights.guaranteeAddition_bg":"The biggest selection of restaurants.","consumerWebHome.sections.highlights.guaranteeAddition_de":"The biggest selection of restaurants.","consumerWebHome.sections.highlights.guaranteeAddition_fr":"The biggest selection of restaurants.","consumerWebHome.sections.highlights.guaranteeAddition_ie":"The biggest selection of restaurants.","consumerWebHome.sections.highlights.guaranteeAddition_it":"The biggest selection of restaurants.","consumerWebHome.sections.highlights.guaranteeAddition_lu":"The biggest selection of restaurants.","consumerWebHome.sections.highlights.guaranteeAddition_nz":"The biggest selection of restaurants.","consumerWebHome.sections.highlights.guaranteeAddition_pl":"The biggest selection of restaurants.","consumerWebHome.sections.highlights.guaranteeAddition_sp":"The biggest selection of restaurants.","consumerWebHome.sections.highlights.guaranteeAddition_nl":"The biggest selection of restaurants.","consumerWebHome.sections.highlights.guaranteeAddition_uk":"The biggest selection of restaurants.","consumerWebHome.sections.highlights.guaranteeAddition_dk":"The biggest selection of restaurants.","consumerWebHome.sections.howItWorks.heading":"Zo werkt het","consumerWebHome.sections.howItWorks.subheading":"Makkelijker kan haast niet.","consumerWebHome.sections.howItWorks.enterYourLocation":"Vertel ons waar je je bevindt","consumerWebHome.sections.howItWorks.enterYourAddress":"Vul je adres in.","consumerWebHome.sections.howItWorks.chooseRestaurant":"Kies je restaurant en favoriete eten","consumerWebHome.sections.howItWorks.browseMenusAndReviews":"Waar heb je zin in? Bekijk allerlei restaurants en keukens.","consumerWebHome.sections.howItWorks.chooseHowToGetYourFood":"Betaal en ontvang je eten","consumerWebHome.sections.howItWorks.payWith":"Kies uit verschillende betaalmethoden. Dat was het, eet smakelijk!","consumerWebHome.sections.howItWorks.nextCard":"Go to next card","consumerWebHome.sections.howItWorks.howItWorksStep":"Hoe bestel je stap nummer {stepNumber}","consumerWebHome.sections.howItWorks.tellUsWhere":"Vertel ons waar je je bevindt","consumerWebHome.sections.howItWorks.nearbyPlaces":"Wij laten je zien bij welke winkels en restaurants in de buurt je kan bestellen.","consumerWebHome.sections.howItWorks.choosePlace":"Vind wat je zoekt","consumerWebHome.sections.howItWorks.browsePlacesAndItems":"Zoek naar producten of gerechten, bedrijven of keukens.","consumerWebHome.sections.howItWorks.deliveryOrCollection":"Bestelling voor bezorging of afhalen","consumerWebHome.sections.howItWorks.orderProgress":"We houden je op de hoogte van de voortgang van je bestelling.","consumerWebHome.sections.downloadApp.title":"Download de app","consumerWebHome.sections.downloadApp.subtitle":"Klik, ga lekker zitten en geniet.","consumerWebHome.sections.downloadApp.downloadIosAppAlt":"Download the iOS app","consumerWebHome.sections.downloadApp.downloadAndroidAppAlt":"Download the Android app","consumerWebHome.sections.downloadApp.mobileAppImageAlt":"Afbeelding van de restaurantlijst in onze mobiele app","consumerWebHome.sections.downloadApp.goToIosAppStoreAria":"Ga naar iOS App Store","consumerWebHome.sections.downloadApp.goToGooglePlayStoreAria":"Ga naar Google Play Store","consumerWebHome.sections.downloadApp.goToHuaweiAppGalleryAria":"Ga naar de Huawei AppGallery","consumerWebHome.sections.downloadApp.downloadHuaweiAppAlt":"Download the Huawei app","consumerWebHome.sections.blog.title":"Want more?","consumerWebHome.sections.blog.description":"Op onze blog vind je interessante nieuwtjes op het gebied van food \u0026 lifestyle!","consumerWebHome.sections.blog.actionButtonTitle":"Ga naar onze blog","consumerWebHome.sections.brandAwareness.heading":"{oldBrandName} is nu {brandName}","consumerWebHome.sections.faq.title":"Veelgestelde Vragen","consumerWebHome.sections.heroImage.falafelSaladAlt":"Afbeelding van {slogan} boven een kom falafel met groenten op een oranje achtergrond met daaronder een {brandName}-logo","consumerWebHome.sections.heroImage.cheeseburgerAlt":"Afbeelding van {slogan} boven een burger met friet en ketchup op een oranje achtergrond met daaronder een {brandName}-logo","consumerWebHome.sections.heroImage.margheritaPizzaAlt":"Afbeelding van {slogan} boven een pizza op een oranje achtergrond met daaronder een {brandName}-logo","consumerWebHome.sections.heroImage.cheeseburgerAlt_ch":"Graphic of {slogan} above a burger with fries and ketchup on orange background with a {brandName} logo below","consumerWebHome.sections.heroImage.falafelSaladAlt_be":"Graphic of {slogan} above a bowl of falafel and vegetables on orange background with a {brandName} logo below","consumerWebHome.sections.heroImage.cheeseburgerAlt_be":"Graphic of {slogan} above a burger with fries and ketchup on orange background with a {brandName} logo below","consumerWebHome.sections.heroImage.falafelSaladAlt_ch":"Graphic of {slogan} above a bowl of falafel and vegetables on orange background with a {brandName} logo below","consumerWebHome.sections.heroImage.margheritaPizzaAlt_ch":"Graphic of {slogan} above a pizza on orange background with a {brandName} logo below","consumerWebHome.sections.heroImage.margheritaPizzaAlt_be":"Graphic of {slogan} above a pizza on orange background with a {brandName} logo below","consumerWebHome.seo.tags.title":"{siteName} | Food delivery | Easily order pizza, sushi and other food online","consumerWebHome.modal.emailChangeConfirmationPage.title":"Wijzig je e-mailadres","consumerWebHome.modal.emailChangeConfirmationPage.submitButton":"E-mailadres wijzigen","consumerWebHome.modal.emailChangeConfirmationPage.content":"Bevestig het wijzigen van je e-mailadres naar {email} door je wachtwoord in te voeren.","consumerWebHome.modal.forgotPasswordResetConfirmationPage.title":"Forgot password","consumerWebHome.modal.forgotPasswordResetConfirmationPage.changePasswordButton":"Change password","consumerWebAfterOrder.markdownTest.markdownTest.markdownTest":"Voorbeeld Markdown-tekst in het Nederlands\r\n\r\n# h1 Titel\r\n## h2 Titel\r\n### h3 Titel\r\n#### h4 Titel\r\n##### h5 Titel\r\n###### h6 Titel\r\n\r\n\r\n## Horizontal Rules\r\n\r\n___\r\n\r\n---\r\n\r\n***\r\n\r\n## Emphasis\r\n\r\n**This is bold text**\r\n\r\n__This is bold text__\r\n\r\n*This is italic text*\r\n\r\n_This is italic text_\r\n\r\n~~Strikethrough~~\r\n\r\n\r\n## Blockquotes\r\n\r\n\r\n\u003e Blockquotes can also be nested...\r\n\u003e\u003e ...by using additional greater-than signs right next to each other...\r\n\u003e \u003e \u003e ...or with spaces between arrows.\r\n\r\n\r\n## Lists\r\n\r\nUnordered\r\n\r\n+ Create a list by starting a line with `+`, `-`, or `*`\r\n+ Sub-lists are made by indenting 2 spaces:\r\n  - Marker character change forces new list start:\r\n    * Ac tristique libero volutpat at\r\n    + Facilisis in pretium nisl aliquet\r\n    - Nulla volutpat aliquam velit\r\n+ Very easy!\r\n\r\nOrdered\r\n\r\n1. Lorem ipsum dolor sit amet\r\n2. Consectetur adipiscing elit\r\n3. Integer molestie lorem at massa\r\n\r\n\r\n1. You can use sequential numbers...\r\n1. ...or keep all the numbers as `1.`\r\n\r\nStart numbering with offset:\r\n\r\n57. foo\r\n1. bar\r\n\r\n\r\n## Code\r\n\r\nInline `code`\r\n\r\nIndented code\r\n\r\n    // Some comments\r\n    line 1 of code\r\n    line 2 of code\r\n    line 3 of code\r\n\r\n\r\nBlock code \"fences\"\r\n\r\n```\r\nSample text here...\r\n```\r\n\r\nSyntax highlighting\r\n\r\n``` js\r\nvar foo = function (bar) {\r\n  return bar++;\r\n};\r\n\r\nconsole.log(foo(5));\r\n```\r\n\r\n## Tables\r\n\r\n| Option | Description |\r\n| ------ | ----------- |\r\n| data   | path to data files to supply the data that will be passed into templates. |\r\n| engine | engine to be used for processing templates. Handlebars is the default. |\r\n| ext    | extension to be used for dest files. |\r\n\r\nRight aligned columns\r\n\r\n| Option | Description |\r\n| ------:| -----------:|\r\n| data   | path to data files to supply the data that will be passed into templates. |\r\n| engine | engine to be used for processing templates. Handlebars is the default. |\r\n| ext    | extension to be used for dest files. |\r\n\r\n\r\n## Links\r\n\r\n[link text](https://www.thuisbezorgd.nl)\r\n\r\n[link with title](https://www.thuisbezorgd.nl \"Order Food\")\r\n\r\n\r\n## Images\r\n\r\n![Minion](https://octodex.github.com/images/minion.png)\r\n\r\n![Stormtroopocat](https://octodex.github.com/images/stormtroopocat.jpg \"The Stormtroopocat\")\r\n","consumerWebAfterOrder.ukraineBanner.icon.thankYouText":"Bedankt","consumerWebAfterOrder.ukraineBanner.content.title":"Samen hebben we wereldwijd â¬ 2 miljoen gedoneerd. ","consumerWebAfterOrder.ukraineBanner.content.cta":"Blijf doneren","consumerWebAfterOrder.ukraineBanner.content.footer":"Algemene voorwaarden + UNHCR privacybeleid zijn van toepassing. ","consumerWebAfterOrder.test.test.test":"test","consumerWebAfterOrder.orderConfirmationPage.foodTracker.shareFoodtrackerUrl":"Tracking link delen","consumerWebAfterOrder.orderConfirmationPage.feedback.title":"Help ons deze pagina te verbeteren","consumerWebAfterOrder.orderConfirmationPage.feedback.description":"We horen graag wat je van deze pagina vindt. Het duurt maar Ã©Ã©n minuut.","consumerWebAfterOrder.orderConfirmationPage.feedback.buttonLabel":"Geef feedback","consumerWebAfterOrder.orderConfirmationPage.trackOrder.header":"Volg zometeen je bestelling...","consumerWebAfterOrder.orderConfirmationPage.trackOrder.description":"Je kan je bestelling volgen op de kaart zodra de bezorger onderweg is.","consumerWebAfterOrder.orderConfirmationPage.pageNotFound.title":"Sorry, we konden geen toegang krijgen tot deze bestelling.","consumerWebAfterOrder.orderConfirmationPage.pageNotFound.content":"Als u informatie zoekt over een bestelling, bezoek dan uw Bestellingen. U kunt alleen toegang krijgen tot bestellingen die u zelf heeft geplaatst.","consumerWebAfterOrder.orderConfirmationPage.pageNotFound.openOrderHistoryButtonLabel":"Bestellingen","consumerWebAfterOrder.orderConfirmationPage.pageNotFound.backToHomeButtonLabel":"Terug naar de beginpagina","consumerWebAfterOrder.orderConfirmationPage.pageNotFound.imageAlt":"Order not found","consumerWebAfterOrder.orderConfirmationPage.notification.itemsOutOfStock":"Sorry, een deel van de producten is niet leverbaar. Bekijk je bon voor meer info.","consumerWebAfterOrder.orderConfirmationPage.notification.itemOutOfStock":"Sorry, een product is niet leverbaar. Bekijk je bon voor meer info.","consumerWebAfterOrder.orderConfirmationPage.notification.onItsWay":"Je kunt je bestelling volgen op de kaart zodra de bezorger onderweg is.","consumerWebAfterOrder.orderConfirmationPage.notification.noCourierLocation":"De locatie van de bezorger is momenteel niet beschikbaar, maar geen zorgen: hij of zij is onderweg.","consumerWebAfterOrder.orderConfirmationPage.notification.noConnection":"De locatie van de bezorger is momenteel niet beschikbaar. Controleer je internetverbinding.","consumerWebAfterOrder.orderConfirmationPage.notification.noCourierTrackingRestaurant":"We bieden geen live-tracking aan voor dit restaurant, maar je bestelling is onderweg.","consumerWebAfterOrder.orderConfirmationPage.notification.noCourierTrackingStore":"We bieden geen live-tracking aan voor deze winkel, maar je bestelling is onderweg.","consumerWebAfterOrder.orderConfirmationPage.nonTrackableBanner.header":"Je bestelling wordt verwerkt","consumerWebAfterOrder.orderConfirmationPage.nonTrackableBanner.groceryDescription":"Deze winkel gebruikt zijn eigen bezorgers en deelt mogelijk geen bezorggegevens.","consumerWebAfterOrder.orderConfirmationPage.nonTrackableBanner.restaurantDescription":"Dit restaurant gebruikt zijn eigen bezorgers en deelt mogelijk geen bezorggegevens.","consumerWebAfterOrder.campaigns.orderAndWin__banner__desktop.altText":"Ontdek meer","consumerWebAfterOrder.campaigns.orderAndWin__banner__desktop.guest__body":"Ontdek hoe je kunt winnen met je volgende bestelling.","consumerWebAfterOrder.campaigns.orderAndWin__banner__desktop.backgroundImageUrl":"https://assets.takeaway.com/consumer-web/campaigns/ucl-background-banner-after-order.png","consumerWebAfterOrder.campaigns.orderAndWin__banner__desktop.guest__title":"Win wedstrijdtickets","consumerWebAfterOrder.campaigns.orderAndWin__banner__desktop.registered__body":"Bekijk je e-mail nadat je lekker gegeten hebt.","consumerWebAfterOrder.campaigns.orderAndWin__banner__desktop.logoUrl":"https://assets.takeaway.com/consumer-web/campaigns/uefa/logo-uefa.svg","consumerWebAfterOrder.campaigns.orderAndWin__banner__desktop.registered__title":"Win wedstrijdtickets","consumerWebAfterOrder.campaigns.orderAndWin__banner__desktop.guest__ctaText":"Ontdek meer","consumerWebAfterOrder.campaigns.orderAndWin__banner__desktop.registered__ctaText":"Ontdek meer","consumerWebAfterOrder.campaigns.orderAndWin__banner__mobile.guest__body":"Ontdek hoe je kunt winnen met je volgende bestelling.","consumerWebAfterOrder.campaigns.orderAndWin__banner__mobile.guest__title":"Win wedstrijdtickets","consumerWebAfterOrder.campaigns.orderAndWin__banner__mobile.registered__body":"Bekijk je e-mail nadat je lekker gegeten hebt.","consumerWebAfterOrder.campaigns.orderAndWin__banner__mobile.registered__title":"Win wedstrijdtickets","consumerWebAfterOrder.campaigns.orderAndWin__banner__mobile.altText":"Ontdek meer","consumerWebAfterOrder.campaigns.orderAndWin__banner__mobile.guest__ctaText":"Ontdek meer","consumerWebAfterOrder.campaigns.orderAndWin__banner__mobile.logoUrl":"https://assets.takeaway.com/consumer-web/campaigns/uefa/logo-uefa.svg","consumerWebAfterOrder.campaigns.orderAndWin__banner__mobile.backgroundImageUrl":"https://assets.takeaway.com/consumer-web/campaigns/ucl-background-banner-after-order.png","consumerWebAfterOrder.campaigns.orderAndWin__banner__mobile.registered__ctaText":"Ontdek meer","consumerWebAfterOrder.campaigns.treatmas.findOutMore":"Ontdek meer","consumerWebAfterOrder.campaigns.treatmas.titleOptIn":"Tijd voor jouw verrassing!","consumerWebAfterOrder.campaigns.treatmas.titleOptOut":"Je kunt nog 5 cadeautjes openen","consumerWebAfterOrder.campaigns.treatmas.bodyOptIn":"Bekijk je e-mail. Algemene voorwaarden zijn van toepassing.","consumerWebAfterOrder.campaigns.treatmas.bodyOptOut":"Ontdek hoe je bij je volgende bestelling een verrassing kunt krijgen.","consumerWebAfterOrder.orderStatus.tagline.pickup":"Je wil je afhaalbestelling","consumerWebAfterOrder.orderStatus.tagline.pickupAt":"Je wilt afhalen om","consumerWebAfterOrder.orderStatus.tagline.delivery":"Je wilt bezorging","consumerWebAfterOrder.orderStatus.tagline.deliveryAt":"Je wilt bezorging om","consumerWebAfterOrder.orderStatus.tagline.estimatedDeliveryBetween":"Geschatte bezorging tussen","consumerWebAfterOrder.orderStatus.tagline.updated":"Bijgewerkt","consumerWebAfterOrder.orderStatus.tagline.asap":"Zo snel mogelijk","consumerWebAfterOrder.orderStatus.tagline.pickupAround":"Klaar voor afhalen rond","consumerWebAfterOrder.orderStatus.tagline.readyForPickupAround":"Klaar voor afhalen rond","consumerWebAfterOrder.orderStatus.tagline.estimatedDeliveryAround":"Geschatte bezorging rond","consumerWebAfterOrder.orderStatus.tagline.at":"{time}","consumerWebAfterOrder.orderStatus.tagline.collection":"Je wilt afhalen","consumerWebAfterOrder.orderStatus.tagline.collectionAt":"Je wilt afhalen om","consumerWebAfterOrder.orderStatus.tagline.collectionAround":"Klaar voor afhalen rond","consumerWebAfterOrder.orderStatus.tagline.readyForCollectionAround":"Klaar voor afhalen rond","consumerWebAfterOrder.orderStatus.tagline.estimatedDeliveryTime":"Geschatte bezorgtijd","consumerWebAfterOrder.orderStatus.tagline.estimatedCollectionTime":"Geschatte afhaaltijd","consumerWebAfterOrder.orderStatus.primary.cancelled":"Bestelling geannuleerd","consumerWebAfterOrder.orderStatus.primary.confirmingOrder":"Je bestelling wordt bevestigd","consumerWebAfterOrder.orderStatus.primary.delivered":"Bezorgd","consumerWebAfterOrder.orderStatus.primary.deliveringYourOrder":"Je bestelling wordt bezorgd","consumerWebAfterOrder.orderStatus.primary.readyForPickup":"Klaar om af te halen","consumerWebAfterOrder.orderStatus.primary.orderConfirmed":"Bestelling bevestigd","consumerWebAfterOrder.orderStatus.primary.preparingAndDelivering":"Bereiden en bezorgen","consumerWebAfterOrder.orderStatus.primary.preparingOrder":"Je bestelling wordt bereid","consumerWebAfterOrder.orderStatus.primary.pickedUp":"Bestelling afgehaald","consumerWebAfterOrder.orderStatus.primary.pickupComplete":"Order picked up","consumerWebAfterOrder.orderStatus.primary.orderUnsuccessful":"Unsuccessful order","consumerWebAfterOrder.orderStatus.primary.AssigningDriver":"Assigning a courier","consumerWebAfterOrder.orderStatus.primary.driverAssignmentDelayed":"Assigning a courier","consumerWebAfterOrder.orderStatus.primary.driverAssigned":"Courier assigned","consumerWebAfterOrder.orderStatus.primary.driverAssignmentChanged":"Courier assigned","consumerWebAfterOrder.orderStatus.primary.driverArrivedAtRestaurant":"Courier at the restaurant","consumerWebAfterOrder.orderStatus.primary.orderReceived":"Order received","consumerWebAfterOrder.orderStatus.primary.onItsWay":"On its way","consumerWebAfterOrder.orderStatus.primary.enjoyYourFood":"Eet smakelijk!","consumerWebAfterOrder.orderStatus.primary.pickingOrder":"Picking your order","consumerWebAfterOrder.orderStatus.primary.readyToCollect":"Ready to collect","consumerWebAfterOrder.orderStatus.primary.driverArrivedAtStore":"Courier has arrived","consumerWebAfterOrder.orderStatus.primary.driverNearby":"The courier's nearby","consumerWebAfterOrder.orderStatus.primary.assumedCompleted":"Bedankt voor je bestelling","consumerWebAfterOrder.orderStatus.primary.dueDateDelayed":"Order delayed","consumerWebAfterOrder.orderStatus.primary.thanksForYourOrder":"Bedankt voor je bestelling","consumerWebAfterOrder.orderStatus.primary.readyForCollection":"Klaar om af te halen","consumerWebAfterOrder.orderStatus.primary.collectionComplete":"Bestelling opgehaald","consumerWebAfterOrder.orderStatus.primary.thanksForChoosingStore":"Bedankt voor je bestelling","consumerWebAfterOrder.orderStatus.secondary.sorryCancelled":"Het spijt ons erg dat je bestelling op dit moment niet door kon gaan.","consumerWebAfterOrder.orderStatus.secondary.restaurantWillConfirmAfterOpening":"Het restaurant bevestigt je bestelling na openingstijd om {openingTime}.","consumerWebAfterOrder.orderStatus.secondary.notLongNow":"Het duurt niet lang meer, je bestelling komt er snel aan.","consumerWebAfterOrder.orderStatus.secondary.enjoyYourFood":"Geniet van je eten!","consumerWebAfterOrder.orderStatus.secondary.restaurantNeedsMoreTime":"Het restaurant heeft iets meer tijd nodig.","consumerWebAfterOrder.orderStatus.secondary.orderConfirmedSoon":"Nog heel even, je bestelling wordt snel bevestigd.","consumerWebAfterOrder.orderStatus.secondary.enjoy":"Geniet van je eten!","consumerWebAfterOrder.orderStatus.secondary.enjoyPickedUp":"Geniet van je eten!","consumerWebAfterOrder.orderStatus.secondary.restaurantWillConfirmAfterOpens":"Het restaurant bevestigt je bestelling na openingstijd.","consumerWebAfterOrder.orderStatus.secondary.findOutMore":"Meer ontdekken?","consumerWebAfterOrder.orderStatus.secondary.findOutMorePopupContent":"Het restaurant regelt de bezorging, dus updates en het volgen van je bestelling zijn beperkt. Hou je geschatte bezorgtijd in de gaten voor meer info.","consumerWebAfterOrder.orderStatus.secondary.findOutMorePopupHeader":"Bereiden en bezorgen","consumerWebAfterOrder.orderStatus.secondary.imageDriverUsingApp":"Courier using app","consumerWebAfterOrder.orderStatus.secondary.cancelledCustomerAbsent":"We're really sorry, your courier could not find you. Please double-check the delivery address you gave.","consumerWebAfterOrder.orderStatus.secondary.cancelledCustomerCancelled":"You have successfully cancelled your order.","consumerWebAfterOrder.orderStatus.secondary.cancelledCustomerUncontactable":"We're really sorry, {restaurantName} tried calling, but were unable to reach you. Please make sure your contact details are correct on your account.","consumerWebAfterOrder.orderStatus.secondary.cancelledDriverUnavailable":"We're really sorry, but there are no couriers available to meet the delivery time.","consumerWebAfterOrder.orderStatus.secondary.cancelledRestaurantBusy":"We're really sorry, but {restaurantName} is too busy to fulfil your order.","consumerWebAfterOrder.orderStatus.secondary.refundInfo":" If you're due a refund, it's on the way.","consumerWebAfterOrder.orderStatus.secondary.cancellationVoucherInfo":"Don't forget to re-use your voucher code when you reorder:","consumerWebAfterOrder.orderStatus.secondary.findOutMorePopupCloseAria":"Sluit","consumerWebAfterOrder.orderStatus.secondary.restaurantWillConfirmPreorder":"Het restaurant bevestigt je bestelling kort na {time}.","consumerWebAfterOrder.orderStatus.secondary.startPreparingAfterDriverAssignment":"We'll start preparing your order when a courier is assigned.","consumerWebAfterOrder.orderStatus.secondary.assigningDriverWithDelay":"We'll have one soon. Our couriers are busier than usual, stay tuned for updates.","consumerWebAfterOrder.orderStatus.secondary.driverAssigned":"They've been told about your order and they're on it.","consumerWebAfterOrder.orderStatus.secondary.driverAssignmentChanged":"Courier assignment changed.","consumerWebAfterOrder.orderStatus.secondary.driverArrivedAtRestaurant":"They're ready to pick up your order.","consumerWebAfterOrder.orderStatus.secondary.cancelledSorryRestaurantCouldNotAcceptOrder":"We're really sorry, {restaurantName} couldn't accept your order.","consumerWebAfterOrder.orderStatus.secondary.thisOrderWasCancelled":"Bestelling geannuleerd","consumerWebAfterOrder.orderStatus.secondary.orderNumberReady":"Have your order number ready and ID if you ordered age-restricted items.","consumerWebAfterOrder.orderStatus.secondary.storeNeedsMoreTime":"The store is sorting your order and needs a little more time to finish it.","consumerWebAfterOrder.orderStatus.secondary.orderReviewedSoon":"Your order will be reviewed soon after {time}","consumerWebAfterOrder.orderStatus.secondary.orderReceived":"We'll update you as things progress.","consumerWebAfterOrder.orderStatus.secondary.pickingOrder":"Your items are being picked. We'll let you know when they're ready to go.","consumerWebAfterOrder.orderStatus.secondary.orderDelayed":"The store is sorting your order and needs a little more time to finish it.","consumerWebAfterOrder.orderStatus.secondary.assigningDriver":"The store is sorting your order and needs a little more time to finish it.","consumerWebAfterOrder.orderStatus.secondary.driverArrivedAtStore":"They're ready to pick up your order.","consumerWebAfterOrder.orderStatus.secondary.onItsWayOutOfStock":"Your order is with the courier. \r\nSome items were out of stock, sorry.","consumerWebAfterOrder.orderStatus.secondary.itemsOutOfStock":"Some items were out of stock, sorry.","consumerWebAfterOrder.orderStatus.secondary.driverNearby":"En kan elk moment bij je aanbellen.","consumerWebAfterOrder.orderStatus.secondary.readyToCollect":"Have your order number ready and ID if you ordered age-restricted items.","consumerWebAfterOrder.orderStatus.secondary.onItsWayCourierOffline":"De locatie van de bezorger is momenteel niet beschikbaar, maar geen zorgen: hij of zij is onderweg.","consumerWebAfterOrder.orderStatus.secondary.storeWillConfirmPreorder":"De winkel bevestigt je bestelling kort na {time}.","consumerWebAfterOrder.orderStatus.secondary.orderWithDriver":"Your order is with the courier.","consumerWebAfterOrder.orderStatus.secondary.collectionDelayed":"Je afhaaltijd is iets veranderd.","consumerWebAfterOrder.orderStatus.secondary.courierAtRestaurant":"De bezorger is bij het restaurant.","consumerWebAfterOrder.orderStatus.secondary.deliveryTimeChanged":"Je bezorgtijd is iets veranderd.","consumerWebAfterOrder.orderStatus.secondary.couirierIsNearby":"De bezorger is in de buurt en komt er zo aan.","consumerWebAfterOrder.orderStatus.secondary.courierIsNearby":"De bezorger is in de buurt en komt er zo aan.","consumerWebAfterOrder.orderStatus.secondary.orderReceivedWeAreOnIt":"We hebben je bestelling ontvangen en gaan ermee aan de slag.","consumerWebAfterOrder.orderStatus.secondary.courierAtStore":"De bezorger is bij de winkel.","consumerWebAfterOrder.orderStatus.secondary.pooledOrderHasStops":"De bezorger stopt onderweg nog een paar keer.","consumerWebAfterOrder.orderStatus.secondary.findOutMorePopupHeaderPooledOrderHasStops":"De bezorger heeft jouw bestelling","consumerWebAfterOrder.orderStatus.secondary.findOutMorePopupContentPooledOrderHasStops":"Soms hebben onze bezorgers andere bestellingen mee die ze onderweg afgeven. We houden je op de hoogte.","consumerWebAfterOrder.orderStatus.secondary.pooledOrderLastStop":"Jouw beurt! We zijn er bijna.","consumerWebAfterOrder.orderStatus.secondary.findOutMorePopupHeaderPooledOrderLastStop":"Je bestelling komt er bijna aan","consumerWebAfterOrder.orderStatus.secondary.findOutMorePopupContentPooledOrderLastStop":"De bezorger heeft de vorige bestelling afgeleverd en is op weg naar jou.","consumerWebAfterOrder.orderStatus.secondary.courierIsNearbyWithPin":"De bezorger is in de buurt. Vergeet niet je bezorgcode te melden.","consumerWebAfterOrder.orderStatus.secondary.pooledOrderLastStopWithPin":"Jouw beurt! We zijn er bijna. Vergeet niet je bezorgcode te melden.","consumerWebAfterOrder.orderStatus.secondary.locationUnavailablePleaseCheckConnection":"De locatie van de bezorger is momenteel niet beschikbaar. Controleer je internetverbinding.","consumerWebAfterOrder.orderStatus.secondary.deliveryUsuallyTakesXMins":"Bezorging duurt meestal {estimatedTimeRange} minuten.","consumerWebAfterOrder.orderStatus.steps.collapseButton":"Knop: Sluit meer updates over bestelling","consumerWebAfterOrder.orderStatus.steps.expandButton":"Knop: Open meer updates over bestelling","consumerWebAfterOrder.orderStatus.steps.description":"Lijst. Statusupdates van bestellingen","consumerWebAfterOrder.orderStatus.steps.currentStatus":"Huidige status","consumerWebAfterOrder.orderStatus.steps.completedStatus":"Voltooide status","consumerWebAfterOrder.orderStatus.steps.futureStatus":"Toekomstige status","consumerWebAfterOrder.orderStatus.estimatedTime.asap":"Zo snel mogelijk","consumerWebAfterOrder.orderStatus.estimatedTime.deliveryBetween":"Geschatte bezorgtijd tussen {startTime} en {endTime}","consumerWebAfterOrder.orderStatus.estimatedTime.pickupAround":"Klaar voor afhalen rond {time}","consumerWebAfterOrder.orderStatus.estimatedTime.deliveryAt":"Geschatte bezorgtijd rond {time}","consumerWebAfterOrder.orderStatus.estimatedTime.between":"{startTime} en {endTime}","consumerWebAfterOrder.orderStatus.estimatedTime.at":"{time}","consumerWebAfterOrder.orderStatus.estimatedTime.nearlyThere":"Het is er bijna...","consumerWebAfterOrder.orderStatus.estimatedTime.mins":"{numberOfMinutes} minuten","consumerWebAfterOrder.orderStatus.estimatedTime.tomorrow":"Morgen","consumerWebAfterOrder.orderStatus.estimatedTime.wordAt":"om","consumerWebAfterOrder.orderStatus.estimatedTime.oneMinute":"1 minuut","consumerWebAfterOrder.orderStatus.title.delivery":"Je wilt bezorging","consumerWebAfterOrder.orderStatus.heroImage.altText":"Hero image. Colourful illustration of food items","consumerWebAfterOrder.orderStatus.map.courierDistanceToCustomerMiles":"Your courier is currently about {distance} miles away","consumerWebAfterOrder.orderStatus.map.courierDistanceToCustomerKilometers":"Your courier is currently about {distance} kilometres away","consumerWebAfterOrder.orderStatus.map.courierNearCustomer":"De bezorger is in de buurt","consumerWebAfterOrder.seo.common.title":"Your order | {siteName}","consumerWebAfterOrder.proofOfDelivery.tile.tileText":"Bezorgcode:","consumerWebAfterOrder.proofOfDelivery.tile.tileTextAriaLabel":"More info about {subject}","consumerWebAfterOrder.proofOfDelivery.infoModal.title":"Protecting your order","consumerWebAfterOrder.proofOfDelivery.infoModal.text":"The courier may ask for this code or the last digits of your phone number to confirm weâre delivering to the right person.","consumerWebAfterOrder.proofOfDelivery.infoModal.close":"Sluit","consumerWebAfterOrder.proofOfDelivery.infoModal.phoneText":"The code is simply the last two digits of your registered phone number.","consumerWebAfterOrder.proofOfDelivery.infoModal.courierText":"The courier may ask for this code to confirm your identity.","consumerWebAfterOrder.courierChat.chatEntry.title":"Chat met de bezorger","consumerWebAfterOrder.courierChat.chatEntry.subtitle":"Stuur je bezorger een bericht over de bezorging","consumerWebAfterOrder.courierChat.chatEntry.preDeliverySubtitle":"Message your courier about delivery","consumerWebAfterOrder.courierChat.chatEntry.postDeliverySubtitle":"You can keep chatting for a few minutes","consumerWebAfterOrder.courierChat.chatBody.errorTitle":"Error","consumerWebAfterOrder.courierChat.chatBody.errorText":"Er is iets misgegaan. Probeer het zo meteen opnieuw.","consumerWebAfterOrder.courierChat.chatBody.errorRetryBtn":"Probeer het opnieuw","consumerWebAfterOrder.courierChat.chatBody.messageInputPlaceholder":"Voer bericht in","consumerWebAfterOrder.courierChat.chatBody.channelFrozen":"Kanaal vastgelopen","consumerWebAfterOrder.courierChat.chatBody.headerText":"Je bezorger","consumerWebAfterOrder.courierChat.chatBody.messageInputFrozen":"Chatten is via dit kanaal niet mogelijk","consumerWebAfterOrder.courierChat.chatBody.noMessagesPlaceholder":"Geen berichten","consumerWebAfterOrder.courierChat.chatBody.somethingWrongPlaceholder":"Er is iets misgegaan","consumerWebAfterOrder.courierChat.chatBody.messageCopy":"KopiÃ«ren","consumerWebAfterOrder.courierChat.chatBody.messageDelete":"Verwijderen","consumerWebAfterOrder.collectionQr.collectionText.readyForCollection":"Head to {restaurantName} and show the vendor this QR code","consumerWebAfterOrder.collectionQr.collectionText.orderPending":"Please show this QR code when you collect your order","consumerWebAfterOrder.collectionQr.collectionText.withoutQr":"Head to {restaurantName} and tell the vendor your name and order number below","consumerWebAfterOrder.collectionQr.collectionText.orderNumber":"Order no. {publicReference}","consumerWebAfterOrder.collectionQr.modal.titleWithQr":"Order number: {publicReference}","consumerWebAfterOrder.collectionQr.modal.titleWithoutQr":"Your order number","consumerWebAfterOrder.collectionQr.modal.descriptionWithQr":"You'll need to show this QR code to the vendor when you collect your order","consumerWebAfterOrder.collectionQr.modal.descriptionWithoutQr":" Head to {restaurantName} and tell the vendor your name and order number","consumerWebStaticPages.bugBounty.content.bugReportingPage":"Bugcrowd page. ","consumerWebStaticPages.bugBounty.content.bugReportingPageUrl":"https://bugcrowd.com/justeattakeaway","consumerWebStaticPages.bugBounty.content.howToReport":"Our public bug bounty program is managed through Bugcrowd. Please report any security vulnerabilities through our","consumerWebStaticPages.bugBounty.content.introduction":"At Just Eat Takeaway.com we want to provide our customers with technology and services that empower your every food moment and we want to do that in a way that protects our customers and partners from the wide variety of cyber security threats that exist.\r\n\r\nWith that in mind Just Eat Takeaway.com invites security professionals from all backgrounds to assess our public facing defences with an objective \u0026 professional eye in order to discover potential vulnerabilities and help us to continually improve the security of our platform.","consumerWebStaticPages.bugBounty.content.otherConsiderations":"The bug bounty program and its rewards are applicable only to security vulnerabilities. If you are facing other difficulties using our website please visit our customer service pages.","consumerWebStaticPages.bugBounty.content.title":"Just Eat Takeaway.com - Bug Bounty Program","consumerWebStaticPages.bugBounty.header.title":"Takeaway.com N.V. Bug Bounty Program","consumerWebStaticPages.apps.header.title":"Slim eten bestellen","consumerWebStaticPages.apps.header.text":"Of je nu druk in de weer bent, of gewoon thuis op de bank zit: bij ons staan je favoriete maaltijden altijd klaar om te gaan. Ongeacht je locatie. Via de nieuwe {sitename}-app op al je favoriete smart devices volg je jouw maaltijd tot aan je deur. ","consumerWebStaticPages.apps.footer.title":"Trek gekregen?","consumerWebStaticPages.apps.footer.text":"Pizza, pasta, sushi en nog meer heerlijke gerechten bestel je gemakkelijk en snel via {sitename}! ","consumerWebStaticPages.apps.footer.callToAction":"BESTEL NU","consumerWebStaticPages.apps.footer.download":"Download de app","consumerWebStaticPages.apps.footer.ariaAppStore":"App Store","consumerWebStaticPages.apps.footer.ariaGooglePlay":"Google Play","consumerWebStaticPages.apps.footer.ariaAppGallery":"App Gallery","consumerWebStaticPages.apps.mobile.title":"Bestel via mobiel","consumerWebStaticPages.apps.mobile.text":"Je bent onderweg naar huis en het enige waar je aan kan denken is....Paella. Sla de supermarkt trip over en krijg je authentieke Paella bezorgd, precies wanneer je thuiskomt! Plaats je bestelling eenvoudig en snel onderweg vanuit je mobiel. Onderweg of thuis: het is helemaal aan jou! ","consumerWebStaticPages.apps.mobile.androidTitle":"Android app","consumerWebStaticPages.apps.mobile.androidDescription":"Overal en altijd eten bezorgd. Met de {sitename}-app op Android ben je slechts een paar klikken verwijderd van heerlijk eten.","consumerWebStaticPages.apps.mobile.androidCallToAction":"Meer informatie","consumerWebStaticPages.apps.mobile.androidExtraInfo":"Loop je rond met zo'n oud toestel die je van je zus hebt geleend of heb je geÃ¯nvesteerd in de nieuwste gadget op de markt? Voor de {sitename}-app maakt het niet uit! Onze Android app werkt perfect op elk toestel. Bestel snel en eenvoudig je favoriete gerechten.","consumerWebStaticPages.apps.mobile.iosTitle":"iPhone app","consumerWebStaticPages.apps.mobile.iosDescription":"Snel en eenvoudig eten bestellen met de {sitename}-app op de iPhone. Appeltje-eitje. ","consumerWebStaticPages.apps.mobile.iosCallToAction":"Meer informatie","consumerWebStaticPages.apps.mobile.iosExtraInfo":"De {sitename}-app is er speciaal voor mensen die vaak onderweg zijn. Zo is het bestellen van je favoriete gerechten via je iPhone super snel! Log in, personaliseer je zoekopdracht, kies uit vele heerlijke maaltijden of bestel gewoon je favoriete hap opnieuw.","consumerWebStaticPages.apps.mobile.webTitle":"Website","consumerWebStaticPages.apps.mobile.webDescription":"Bekijk in een handomdraai duizenden menukaarten! In het park, de sportschool, op een boot... waar je maar wilt! ","consumerWebStaticPages.apps.mobile.webCallToAction":"Meer informatie","consumerWebStaticPages.apps.mobile.webExtraInfo":"Goed nieuws voor iedereen met een telefoon die overvol zit door selfies, ongebruikte apps en schattige puppy video's. Je kunt ook bij alle functies, filters en persoonlijke instellingen via je browser! Ook zonder de {sitename}-app bestel je dus eenvoudig jouw favoriete maaltijd.","consumerWebStaticPages.apps.tablet.iosTitle":"iPad app","consumerWebStaticPages.apps.tablet.iosDescription":"Bestel verrukkelijke gerechten op een groot scherm. Onderweg of thuis, lekker eenvoudig met de {sitename}-app op je iPad.","consumerWebStaticPages.apps.tablet.iosCallToAction":"Meer informatie","consumerWebStaticPages.apps.tablet.iosExtraInfo":"Met de {sitename}-app op je iPad bestel je allerlei lekkers op een groot scherm met alle functies tot je beschikking. Of je nu onderweg bent vanuit werk of langs het water aan het chillen bent, wij bezorgen waar en wanneer jij wilt.","consumerWebStaticPages.apps.tablet.androidTitle":"Android tablet app","consumerWebStaticPages.apps.tablet.androidDescription":"Sensationele smaken, overal, altijd. Eenvoudig en duidelijk getoond via de {sitename}-app op je Android-tablet.","consumerWebStaticPages.apps.tablet.androidCallToAction":"Meer informatie","consumerWebStaticPages.apps.tablet.androidExtraInfo":"Vind snel en eenvoudig precies waar je trek in hebt dankzij onze functies (zoals beoordelingen, keukens en bezorgkosten) overzichtelijk op Ã©Ã©n scherm. Zo is het bestellen met jouw Android tablet een eitje. Dag in, dag uit. Ongeacht je locatie.","consumerWebStaticPages.apps.tablet.webTitle":"Website","consumerWebStaticPages.apps.tablet.webDescription":"Bekijk in een handomdraai duizenden menukaarten! In het park, de sportschool, op een boot... waar je maar wilt! ","consumerWebStaticPages.apps.tablet.webCallToAction":"Meer informatie","consumerWebStaticPages.apps.tablet.webExtraInfo":"Goed nieuws voor iedereen met een tablet die overvol zit door selfies, ongebruikte apps en schattige puppy video's. Je kunt ook bij alle functies, filters en persoonlijke instellingen via je browser! Ook zonder de {sitename}-app bestel je dus eenvoudig jouw favoriete maaltijd.","consumerWebStaticPages.apps.tablet.title":"Bestel via tablet","consumerWebStaticPages.apps.tablet.text":"Je zit door je foto's te scrollen en ziet de heerlijke groene curry van vorige week langs komen. Oh-oh... nu kan je enkel nog aan eten denken. Geen zorgen, wij weten er wel wat op! Bestel snel de beste groene curry bij jou in de buurt.","consumerWebStaticPages.apps.tv.title":"Bestel via je tv","consumerWebStaticPages.apps.tv.text":"Wat is nÃ³g lekkerder dan de hele avond bankhangen? Er niet vanaf hoeven te komen om te koken! Bestel direct vanuit je TV die heerlijke lasagne waar je al de hele week over droomt, zonder een minuut van je favoriete show te missen! Living the dream. ","consumerWebStaticPages.apps.tv.appleTvTitle":"Apple TV","consumerWebStaticPages.apps.tv.appleTvDescription":"Stream, bestel en geniet. Appeltje-eitje, met de {sitename}-app op je Apple TV! ","consumerWebStaticPages.apps.tv.appleTvCallToAction":"Meer informatie","consumerWebStaticPages.apps.tv.appleTvExtraInfo":"Met trots presenteren we je de handige {sitename}-app op je strakke Apple TV. Gebruik het praktische design en bekijk menu's van duizenden restaurants in jouw buurt. Jouw perfecte maaltijd gevonden? Bestel direct met je afstandsbediening en het staat zo voor de deur! In een luie bui? Geen probleem, laat Siri het werk doen! ","consumerWebStaticPages.apps.tv.xboxTitle":"Xbox One","consumerWebStaticPages.apps.tv.xboxDescription":"Stil je trek terwijl je jouw FIFA trucjes oefent. Ideaal, toch? Bestel eten via de {sitename}-app op je Xbox One!","consumerWebStaticPages.apps.tv.xboxCallToAction":"Meer informatie","consumerWebStaticPages.apps.tv.xboxExtraInfo":"We kennen het allemaal: je zit midden in een intens spel en je buik begint te rommelen. Er zit niets anders op dan het spel te pauzeren en snel wat te koken. Of kan het toch anders? Bestel met een druk op de knop jouw favoriete maaltijd via de {sitename}-app! Pauzeer je spel (heel eventjes), open de app en bestel zonder je Controller los te laten. Voor je het weet ben je weer aan het gamen!  ","consumerWebStaticPages.apps.tv.samsungTitle":"Samsung Smart TV","consumerWebStaticPages.apps.tv.samsungDescription":"Bekijk honderden menukaarten op een groot scherm en bestel met de {sitename}-app.","consumerWebStaticPages.apps.tv.samsungCallToAction":"Meer informatie","consumerWebStaticPages.apps.tv.samsungExtraInfo":"Als jij een Samsung Smart TV bezit, dan staat je iets leuks te wachten. Download de {sitename}-app en je hebt toegang tot duizenden heerlijke restaurants op een gigantisch scherm. Het enige wat je nodig hebt is je afstandsbediening! Kies je favoriete restaurant, bekijk het menu en bestel snel.  ","consumerWebStaticPages.apps.tv.androidTvTitle":"Android TV","consumerWebStaticPages.apps.tv.androidTvDescription":"De {sitename}-app maakt jouw filmavond nÃ³g beter! Bestel heerlijke borrelhapjes, gewoon via je tv.","consumerWebStaticPages.apps.tv.androidTvCallToAction":"Meer informatie","consumerWebStaticPages.apps.tv.androidTvExtraInfo":"Hocus pocus, verander je tv in een platform om eten mee te bestellen! Download de app op je Android TV of Nexus Player en ontdek alle bezorgrestaurants bij jou in de buurt. Zo hoef je nooit meer je gezellige filmavond te onderbreken om hapjes of eten te bereiden. ","consumerWebStaticPages.apps.tv.horizonTitle":"Horizon","consumerWebStaticPages.apps.tv.horizonDescription":"Eten voor de tv? Yes please! Bestel je maaltijd gemakkelijk via de {sitename}-app op Horizon! ","consumerWebStaticPages.apps.tv.horizonCallToAction":"Meer informatie","consumerWebStaticPages.apps.tv.horizonExtraInfo":"Ben je dol op al die handige Ziggo TV-functies? Lees dan snel verder. Met de Ziggo Mediabox XL verander je jouw huis in de chillste bioscoop in de buurt. Bestel heerlijk eten via de {sitename}-app, terwijl je de nieuwste films of documentaire van het jaar kijkt. Open simpelweg de app, bekijk de duizenden menu's en bestel jouw favoriete gerechten!","consumerWebStaticPages.apps.fridge.title":"Bestel via je Smart Fridge","consumerWebStaticPages.apps.fridge.text":"Oost west, thuis best. Met de komst van slimme technologiÃ«n rondom het huis kan je tegenwoordig overal hulp bij krijgen. Is je koelkast leeg? Ping, een notificatie. Heb je honger? Geen probleem, je favoriete maaltijd staat zo voor de deur. Heerlijk, toch? ","consumerWebStaticPages.apps.fridge.familyHubTitle":"Family Hub","consumerWebStaticPages.apps.fridge.familyHubDescription":"Moeiteloos eten bestellen met de geÃ¯ntegreerde {sitename}-app op het scherm van je Family Hub. Zo zijn je favoriete gerechten altijd dichtbij! ","consumerWebStaticPages.apps.fridge.familyHubCallToAction":"Meer informatie","consumerWebStaticPages.apps.fridge.familyHubExtraInfo":"Bereid je voor op de toekomst van eten bestellen. Ontdek de wereld van slimme apparaten met de {sitename}-app op je Samsung Family Hub. Je Smart Fridge helpt niet alleen met het maken van uitgebreide boodschappenlijsten, maar bestelt ook gewoon jouw favoriete gerechten voor je! Rechtstreeks uit een restaurant bij jou in de buurt, zo voor de deur. Dat is nog eens handig! ","consumerWebStaticPages.apps.desktop.title":"Bestel via laptop / computer","consumerWebStaticPages.apps.desktop.text":"Ideaal voor grote en kleine bestellingen! Neem gerust je tijd om te kiezen uit de heerlijke gerechten, op een groot scherm met allerlei filters. Bestel zonder gedoe vanuit je laptop op werk, in bed of in het park. Kies uit de vele restaurants en geniet. Ga ervoor!","consumerWebStaticPages.apps.desktop.webTitle":"Website","consumerWebStaticPages.apps.desktop.webDescription":"Bestel waar en wanneer je wilt! Ongeacht welke browser of toestel je gebruikt, heerlijke gerechten bestellen via {sitename} was nog nooit zo eenvoudig!","consumerWebStaticPages.apps.desktop.webCallToAction":"Meer informatie","consumerWebStaticPages.apps.desktop.webExtraInfo":"Grote trek? Stay calm and order food! Open simpelweg je laptop, voer je postcode in en kies uit de lange lijst van restaurants. Weet je al precies waar je naar op zoek bent? Top! Verfijn je zoekopdracht door filters toe te voegen, zoals keukens, beoordelingen en bezorgkosten. Ontdek het zelf en geniet van het grote scherm met een goed overzicht van alle handige functies! ","consumerWebStaticPages.apps.slider.aria":"Go to slide","consumerWebStaticPages.cookieStatement.notification.cookiePreferencesChanged":"Je gegevens zijn bijgewerkt.","consumerWebStaticPages.cookieStatement.legacyPackageSelector.essentialPackageText":"Thuisbezorgd.nl en aangesloten externe partijen kunnen je advertenties tonen. Deze zullen echter niet gebaseerd zijn op je interesses of productvoorkeuren. Onze website werkt zoals je zou verwachten. Hiervoor gebruiken we functionele cookies, bijvoorbeeld om op te slaan wat er bij een bepaald restaurant in je winkelmandje zat. We gebruiken analytische cookies om te zien hoe we de website kunnen verbeteren.","consumerWebStaticPages.cookieStatement.legacyPackageSelector.essentialPackageTitle":"EssentiÃ«le cookie-pakket","consumerWebStaticPages.cookieStatement.legacyPackageSelector.personalisedPackageTitle":"Gepersonaliseerde cookie-pakket","consumerWebStaticPages.cookieStatement.legacyPackageSelector.personalisedPackageText":"Thuisbezorgd.nl en aangesloten externe partijen tonen je gepersonaliseerde advertenties, die naar onze mening relevant zijn voor jou. Onze website werkt zoals je zou verwachten. We gebruiken functionele cookies, zoals het opslaan van wat er in je winkelmandje zat bij een specifiek restaurant. We gebruiken analytische cookies om te zien hoe we de website kunnen verbeteren.","consumerWebProductExperience.test.test.test":"Testing translations for PDP","consumerWebProductExperience.pdp.dietaryInfo.readMore":"Read more","consumerWebProductExperience.pdp.topInfoBlock.containsCaffeine":"Contains caffeine","consumerWebProductExperience.pdp.topInfoBlock.depositInclusive":"incl. deposit ({value})"},"currentDomain":"thuisbezorgd.nl","preloadedState":{"common":{"app":{"facebook":{"facebookSdk":{"isPending":false,"isLoaded":false}},"google":{"googleAuthSdk":{"isLoaded":false},"googleMapsSdk":{"isPending":false,"isLoaded":false}},"version":{"appVersion":"0.1.13692","designSystemVersion":"7.5.1","isBeta":false}},"appBanner":{"isOpen":false,"info":{"appUrl":"","brandName":"","store":""}},"appConfig":{"config":{"appEnv":"production","bffServiceUrlPublic":"https://cw-api.takeaway.com","bffServiceUrlInternal":"https://bff-service.bff.p.eks.tkwy-prod.io","bffServiceVersionDefault":"34","bffServiceVersionMenuAndCheckout":"BFF_SERVICE_VERSION_DEFAULT","feedbackButtonIds":{"afterOrderFeedback":"cf06c10463e2","globalFeedback":"1a5115c9e7f9","oneWebFeedback":"302af10c4aeb"},"jetFmEnv":"production","jeCloudinaryUrls":{"eu":"https://just-eat-prod-eu-res.cloudinary.com","sg":"https://just-eat-prod-sg-res.cloudinary.com"},"jeAuthPostAccessToken":"MTBjODQ2NjA0ZjcyYjNkNjAxNGQzNjNiZTIwZGVlYTg6OWI5Y2EyNWItZTEyMS00N2YzLWIyMTYtNTMzODUwODc3Mzhj","jeFooterCdn":{"uk":"https://je-web-content-cache-production.s3.eu-west-1.amazonaws.com","eu":"https://je-web-content-cache-i18n-production.s3.eu-west-1.amazonaws.com","au":"https://je-web-content-cache-aus-production.s3-ap-southeast-2.amazonaws.com"},"jePubnub":{"connectionRetryAttemptsLimit":1,"notificationSubscriberKey":"sub-c-984adad6-bbcc-11e6-963b-0619f8945a4f"},"jeServiceUrls":{"uk":"https://uk.api.just-eat.io","au":"https://aus.api.just-eat.io","eu":"https://i18n.api.just-eat.io"},"jeServiceUrlsInternal":{"uk":"https://smartgateway-internal-production.just-eat.co.uk","au":"https://smartgateway-internal-aus-production.au-justeat-1.je-labs.com","eu":"https://smartgateway-internal-i18n-production.justeat-int.com"},"privatePlapi":{"uk":"https://partnerlistingapi.eu-west-1.production.jet-internal.com","au":"https://partnerlistingapi.ap-southeast-2.production.jet-internal.com","eu":"https://partnerlistingapi.eu-central-1.production.jet-internal.com"},"jeRestaurantCdnUrls":{"uk":"https://menu-globalmenucdn.je-apis.com","au":"https://menu-globalmenucdn.au-justeat-1.je-labs.com","eu":"https://menu-globalmenucdn.justeat-int.com"},"jeBackendUrls":{"uk":"https://rest.api.eu-west-1.production.jet-external.com","au":"https://rest.api.ap-southeast-2.production.jet-external.com","eu":"https://rest.api.eu-central-1.production.jet-external.com"},"oneAppServiceUrls":{"authServiceUrl":"https://auth.eu-central-1.production.jet-external.com"},"owRestaurantCdnUrls":{"eu":"https://globalmenucdn.eu-central-1.production.jet-external.com"},"trackingEnv":"prod","snowplowTrackingEnv":"prod","fullStoryOrgId":"o-7C7C-eu1","releaseName":"app","releaseVersion":"0.1.13692","podName":"app-nl-frontend-84c59fd7f5-wdjjn","helpCenterService":{"helpCenterProxyUrl":"https://help-center-proxy.foodtools.io","managerBaseUrl":"https://help-center-manager.foodtools.io/api","helpCenterAssistantUrl":"https://assistant-api.foodtools.io","helpCenterZopimApiUrl":"https://widget-mediator.zopim.com/client/widget/account/status?embed_key=UErL2Mv230zwKpchRyrqlV4fBigjBt6t","chatbotGatewayApiUrl":"https://bot-gateway.foodtools.io"},"google":{"apiKey":"AIzaSyD3lMMlZHAbTwPYkkrbb2nsZN5g0D6Z58I","maps":{"baseUrl":"https://maps.googleapis.com/maps/api/js"}},"sentry":{"dsn":"https://fdfb6bf0d26e476ca81a568ea5291234@o408587.ingest.sentry.io/5353695"},"foodTrackerURL":"https://tracker.scoober.com","foodTrackerAPIUrl":"https://tracker-api.scoober.com/v1/trackings","scooberTrackerRetryDelay":2000,"scooberTrackerRetryAttemptsLimit":3,"foodTrackerDevModeEnabled":false,"orderConfirmationPollingDelay":1000,"orderConfirmationPollingAttemptsNumber":2,"cloudinaryCloudName":"tkwy-prod-eu","apiProxyUrl":"","ravelin":{"sdkKey":"pk_live_o5rfdBcNWbtWMUnAm05IGPu4b7VHKaup"},"jeFsaBadgeCdn":{"uk":"https://hygieneratingscdn.je-apis.com"},"dkSmilyRatingCdn":{"dk":"https://hygieneratingscdn.eu-central-1.production.jet-external.com"},"jetPay":{"jetPayAllowanceUrl":"https://takeawaypay-consumer-apigateway.azurewebsites.net/pay/api/v1/Payments/Allowance","isJetPayEnabled":true,"isJetPayApprovedReferenceEnabled":true},"featureManagementConfig":{"features":[{"key":"jet-consumerweb::accountCreditPage","valueType":"bool","defaultValueRules":[{"restrictions":{"in":["IE","UK","ES","IT","AU"],"property":"Country"},"value":true}]},{"key":"jet-consumerweb::ageVerification","valueType":"bool","defaultValueRules":[{"restrictions":{"in":["AT","BE","BG","CH","DE","DK","FR","IE","LU","NL","UK","ES","IT","SK"],"property":"Country"},"value":true},{"restrictions":{"eq":"PL","property":"Country"},"value":false}],"tags":["affects-cache"]},{"key":"jet-consumerweb::alcoholSelfExclusion","valueType":"bool","defaultValueRules":[{"restrictions":{"and":[{"eq":"AU","property":"Country"},{"eq":"TRUE","property":"IsOneWeb"}]},"value":true}]},{"key":"jet-consumerweb::ao_aa_exp","valueType":"string","defaultValueRules":[{"restrictions":{"in":["IE","AU","ES","IT","UK"],"property":"Country"},"value":"reserve"}],"evaluationLogic":{"type":"IdHash","detail":{"bucketBy":"AnonUserId","prefix":"ao_aa_exp_20250520","rules":[{"restrictions":{"in":["UK","IE","ES","AU","IT"],"property":"Country"},"audienceFraction":1,"variants":[{"weight":1,"value":"control","experimentKey":"CAO-4847-ao_aa_exp","experimentVariant":"control"},{"weight":1,"value":"variant","experimentKey":"CAO-4847-ao_aa_exp","experimentVariant":"variant"}]}]}}},{"key":"jet-consumerweb::ao_wk_aa_exp","valueType":"string","defaultValueRules":[{"restrictions":{"in":["IE","UK","ES","IT","AU"],"property":"Country"},"value":"reserve"}],"evaluationLogic":{"type":"IdHash","detail":{"bucketBy":"AnonUserId","prefix":"ao_wk_aa_exp_20250520","rules":[{"restrictions":{"in":["UK","ES","IT","AU","IE"],"property":"Country"},"audienceFraction":1,"variants":[{"weight":1,"value":"control","experimentKey":"AAAA-0004-ao_wk_aa_exp","experimentVariant":"control"},{"weight":1,"value":"variant","experimentKey":"AAAA-0004-ao_wk_aa_exp","experimentVariant":"variant"}]}]}},"tags":["affects-cache"]},{"key":"jet-consumerweb::appBackButtonBrowserBack","valueType":"bool","defaultValueRules":[{"restrictions":{"in":["UK","ES","AU","IT","IE"],"property":"Country"},"value":true}]},{"key":"jet-consumerweb::assistant_chatbot_extended_item_picker","valueType":"bool","defaultValueRules":[{"restrictions":{"in":["UK","NL"],"property":"Country"},"value":true}]},{"key":"jet-consumerweb::assistant_chatbot_supported_languages","valueType":"string","defaultValueRules":[{"restrictions":{"in":["NL","BE","CH","BG","AT","DE","DK","PL","LU","SK"],"property":"Country"},"value":"en,nl,fr,de,bg,da,pl,sk,be"}]},{"key":"jet-consumerweb::assistantEmojiRating","valueType":"bool","defaultValueRules":[{"restrictions":{"eq":"BE","property":"Country"},"value":false}]},{"key":"jet-consumerweb::assistant_guest_chatbot","valueType":"bool","defaultValueRules":[{"restrictions":{"in":["NL","BE","CH","BG","AT","DE","DK","PL","LU","SK"],"property":"Country"},"value":true}]},{"key":"jet-consumerweb::assistantZendeskMessaging","valueType":"bool","defaultValueRules":[{"restrictions":{"in":["BE","CH","BG","PL","DK","LU","SK","DE","AT"],"property":"Country"},"value":true},{"restrictions":{"eq":"NL","property":"Country"},"value":true}]},{"key":"jet-consumerweb::async-track-event-experiment","valueType":"string","defaultValueRules":[{"restrictions":{"in":["UK","ES"],"property":"Country"},"value":"reserve"},{"restrictions":{"eq":"IE","property":"Country"},"value":"variation_1"}],"evaluationLogic":{"type":"IdHash","detail":{"bucketBy":"AnonUserId","prefix":"async-track-event-experiment","rules":[{"restrictions":{"in":["UK","ES"],"property":"Country"},"audienceFraction":1,"variants":[{"weight":1,"value":"control","experimentKey":"DSW-2016-async-track-event-experiment","experimentVariant":"control"},{"weight":1,"value":"variation_1","experimentKey":"DSW-2016-async-track-event-experiment","experimentVariant":"variation_1"}]}]}}},{"key":"jet-consumerweb::auto_select_site_language","valueType":"bool","defaultValueRules":[{"restrictions":{"in":["AU","CH","DE","ES","PL","UK","SK","AT","IE","IT","DK","NL","LU","BG","BE"],"property":"Country"},"value":true}],"tags":["affects-cache"]},{"key":"jet-consumerweb::basket_summary_sticky","valueType":"string","defaultValueRules":[{"restrictions":{"in":["UK","AT","AU","BE","BG","CH","DE","DK","ES","FR","IE","IT","LU","NL","PL","SK"],"property":"Country"},"value":"control"}]},{"key":"jet-consumerweb::becomeACourier","valueType":"bool","defaultValueRules":[{"restrictions":{"in":["AT","BE","BG","CH","DE","DK","NL","PL","IE","UK","AU","NZ","ES","IT"],"property":"Country"},"value":true},{"restrictions":{"eq":"FR","property":"Country"},"value":false}]},{"key":"jet-consumerweb::brazeAfterOrder","valueType":"bool","defaultValueRules":[{"restrictions":{"in":["LU","FR","IE","PL","NL","UK","AT","BE","BG","CH","DE","DK","NO","SK"],"property":"Country"},"value":false}]},{"key":"jet-consumerweb::brazeCampaignManager","valueType":"bool","defaultValueRules":[{"restrictions":{"in":["LU","FR","IE","UK","AT","BE","BG","CH","DE","DK","NL","NO","PL","SK","ES","IT","AU"],"property":"Country"},"value":true}]},{"key":"jet-consumerweb::brazeDebug","valueType":"bool","defaultValueRules":[{"restrictions":{"eq":"IE","property":"Country"},"value":false}]},{"key":"jet-consumerweb::brazeRewards","valueType":"bool","defaultValueRules":[{"restrictions":{"eq":"AU","property":"Country"},"value":true},{"restrictions":{"in":["UK","IE","IT","ES"],"property":"Country"},"value":true}]},{"key":"jet-consumerweb::brazeSerp","valueType":"bool","defaultValueRules":[{"restrictions":{"in":["AT","BE","CH","BG","DE","DK","FR","LU","NL","NO","PL","IE","SK"],"property":"Country"},"value":true},{"restrictions":{"eq":"UK","property":"Country"},"value":true},{"restrictions":{"eq":"AU","property":"Country"},"value":true}]},{"key":"jet-consumerweb::brazeSerpCards","valueType":"bool","defaultValueRules":[{"restrictions":{"in":["UK","IE","ES","IT","AU"],"property":"Country"},"value":true},{"restrictions":{"and":[{"in":["AT","BE","BG","CH","DE","DK","LU","NL","PL","SK","FR"],"property":"Country"},{"eq":"TRUE","property":"IsOneWeb"}]},"value":true}],"tags":["affects-cache"]},{"key":"jet-consumerweb::cashAmountSelectionDropdown","valueType":"bool","defaultValueRules":[{"restrictions":{"and":[{"in":["AT","BE","BG","CH","DE","DK","FR","LU","NL","NZ","PL","SK"],"property":"Country"},{"eq":"FALSE","property":"IsOneWeb"}]},"value":true},{"restrictions":{"and":[{"in":["IE","UK","ES","IT","AU"],"property":"Country"},{"eq":"FALSE","property":"IsOneWeb"}]},"value":false},{"restrictions":{"and":[{"in":["AT","DE","BE","BG","CH","DK","FR","LU","NL","NZ","PL","SK"],"property":"Country"},{"eq":"TRUE","property":"IsOneWeb"}]},"value":true},{"restrictions":{"and":[{"eq":"IL","property":"Country"},{"eq":"TRUE","property":"IsOneWeb"}]},"value":false}]},{"key":"jet-consumerweb::catalogue_lazy_loaded_categories_enabled","valueType":"bool","defaultValueRules":[{"restrictions":{"in":["AT","AU","BE","BG","CA","CH","DE","DK","ES","IE","IT","LU","NL","PL","UK","SK"],"property":"Country"},"value":false}],"evaluationLogic":{"type":"IdHash","detail":{"bucketBy":"AnonUserId","prefix":"catalogue_lazy_loaded_categories_enabled","rules":[{"restrictions":{"in":["AT","AU","BE","BG","CA","CH","DE","DK","ES","IE","IT","LU","NL","NO","PL","UK","SK"],"property":"Country"},"audienceFraction":1,"variants":[{"weight":1,"value":true}]}]}}},{"key":"jet-consumerweb::categoryGridview","valueType":"bool","defaultValueRules":[{"restrictions":{"in":["AT","LU","BG","CH","DK","SK","BE","PL","NL","DE"],"property":"Country"},"value":true}],"tags":["affects-cache"]},{"key":"jet-consumerweb::checkout_dynamic_service_fees_enabled","valueType":"bool","defaultValueRules":[{"restrictions":{"and":[{"eq":"SK","property":"Country"},{"eq":"TRUE","property":"IsOneWeb"}]},"value":false}]},{"key":"jet-consumerweb::checkoutViewSavedOptions","valueType":"bool","defaultValueRules":[{"restrictions":{"and":[{"in":["NL","UK"],"property":"Country"},{"eq":"TRUE","property":"IsOneWeb"}]},"value":true},{"restrictions":{"and":[{"eq":"PT","property":"Country"},{"eq":"TRUE","property":"IsOneWeb"}]},"value":false}]},{"key":"jet-consumerweb::checkout_web_address_book_disabled","valueType":"bool","defaultValueRules":[{"restrictions":{"eq":"UK","property":"Country"},"value":true}]},{"key":"jet-consumerweb::checkout_web_date_of_birth_enabled","valueType":"bool","defaultValueRules":[{"restrictions":{"and":[{"in":["AU","UK","IE","NL"],"property":"Country"},{"eq":"TRUE","property":"IsOneWeb"}]},"value":true},{"restrictions":{"and":[{"eq":"PL","property":"Country"},{"eq":"TRUE","property":"IsOneWeb"}]},"value":false}],"evaluationLogic":{"type":"IdHash","detail":{"bucketBy":"AnonUserId","prefix":"checkout_web_date_of_birth_enabled","rules":[{"restrictions":{"and":[{"eq":"PL","property":"Country"},{"eq":"TRUE","property":"IsOneWeb"}]},"audienceFraction":1,"variants":[{"weight":1,"value":true}]}]}},"tags":["affects-cache"]},{"key":"jet-consumerweb::checkout_web_id_age_verification_enabled","valueType":"bool","defaultValueRules":[{"restrictions":{"and":[{"eq":"DK","property":"Country"},{"eq":"TRUE","property":"IsOneWeb"}]},"value":true},{"restrictions":{"eq":"AU","property":"Country"},"value":false}]},{"key":"jet-consumerweb::checkout_web_lightning_enabled","valueType":"bool","defaultValueRules":[{"restrictions":{"and":[{"in":["AT","AU","BE","BG","CH","DE","DK","ES","FR","IE","IT","LU","NL","PL","UK"],"property":"Country"},{"eq":"TRUE","property":"IsOneWeb"}]},"value":false}],"evaluationLogic":{"type":"IdHash","detail":{"bucketBy":"AnonUserId","prefix":"checkout_web_lightning_enabled_20250424","rules":[{"restrictions":{"in":["AT","BE","BG","CH","DE","DK","ES","IE","IT","LU","NL","PL","UK","SK"],"property":"Country"},"audienceFraction":1,"variants":[{"weight":0,"value":false,"experimentKey":"CHK-5549-checkout_web_lightning_enabled","experimentVariant":"control"},{"weight":1,"value":true,"experimentKey":"CHK-5549-checkout_web_lightning_enabled","experimentVariant":"variant"}]},{"restrictions":{"eq":"AU","property":"Country"},"audienceFraction":1,"variants":[{"weight":1,"value":false,"experimentKey":"CHK-5549-checkout_web_lightning_enabled","experimentVariant":"control"},{"weight":1,"value":true,"experimentKey":"CHK-5549-checkout_web_lightning_enabled","experimentVariant":"variant"}]}]}},"tags":["affects-cache"]},{"key":"jet-consumerweb::checkout_web_new_id_age_verification_enabled","valueType":"bool","defaultValueRules":[{"restrictions":{"and":[{"eq":"DK","property":"Country"},{"eq":"TRUE","property":"IsOneWeb"}]},"value":true}],"tags":["affects-cache"]},{"key":"jet-consumerweb::checkout_web_third_party_id_age_verification_enabled","valueType":"bool","defaultValueRules":[{"restrictions":{"and":[{"eq":"DK","property":"Country"},{"eq":"TRUE","property":"IsOneWeb"}]},"value":true}],"tags":["affects-cache"]},{"key":"jet-consumerweb::clearFiltersUX","valueType":"bool","defaultValueRules":[{"restrictions":{"in":["UK","IE","ES","IT","AU"],"property":"Country"},"value":true}]},{"key":"jet-consumerweb::consumerhelpweb-snowplow-enabled","valueType":"bool","defaultValueRules":[{"restrictions":{"in":["PT","NZ"],"property":"Country"},"value":false},{"restrictions":{"in":["AU","ES","IE","IT","UK"],"property":"Country"},"value":true}],"tags":["affects-cache"]},{"key":"jet-consumerweb::corporateOrdering","valueType":"bool","defaultValueRules":[{"restrictions":{"in":["AT","BE","BG","CH","DE","DK","FR","NL","PL","LU","IE","UK","ES","IT","NZ","AU"],"property":"Country"},"value":true}]},{"key":"jet-consumerweb::cuisine_images_l_tkwy","valueType":"string","defaultValueRules":[{"restrictions":{"eq":"SK","property":"Country"},"value":"reserve"}],"evaluationLogic":{"type":"IdHash","detail":{"bucketBy":"AnonUserId","prefix":"cuisine_images_l_tkwy","rules":[{"restrictions":{"in":["DE","BE","BG","CH","DK","AT","NL","PL","FR","LU","SK"],"property":"Country"},"audienceFraction":1,"variants":[{"weight":0,"value":"control","experimentKey":"EX-2166-cuisine_images_l_tkwy","experimentVariant":"control"},{"weight":100,"value":"variation_1","experimentKey":"EX-2166-cuisine_images_l_tkwy","experimentVariant":"variant"}]}]}}},{"key":"jet-consumerweb::customer_courier_chat_enabled","valueType":"bool","defaultValueRules":[{"restrictions":{"in":["UK","IE","AU"],"property":"Country"},"value":true},{"restrictions":{"in":["AT","BE","BG","CA","CH","DE","DK","ES","FR","IL","IT","LU","NL","NO","NZ","PL","PT","SK"],"property":"Country"},"value":false}],"evaluationLogic":{"type":"IdHash","detail":{"bucketBy":"AnonUserId","prefix":"courier_chat_web","rules":[{"restrictions":{"in":["DK","CH","PL"],"property":"Country"},"audienceFraction":1,"variants":[{"weight":1,"value":true}]},{"restrictions":{"in":["LU","BE","BG"],"property":"Country"},"audienceFraction":1,"variants":[{"weight":1,"value":true}]},{"restrictions":{"in":["DE","AT"],"property":"Country"},"audienceFraction":1,"variants":[{"weight":1,"value":true}]},{"restrictions":{"in":["NL","SK"],"property":"Country"},"audienceFraction":1,"variants":[{"weight":1,"value":true}]}]}}},{"key":"jet-consumerweb::deliveredByJetIndicator","valueType":"bool","defaultValueRules":[{"restrictions":{"eq":"PL","property":"Country"},"value":true}]},{"key":"jet-consumerweb::delivery_and_collection_fee","valueType":"bool","defaultValueRules":[{"restrictions":{"in":["CH","IE","ES","BG","SK","NL","DE","BE","AT","DK","LU","PL"],"property":"Country"},"value":true}]},{"key":"jet-consumerweb::deliveryFeeRanges","valueType":"bool","defaultValueRules":[{"restrictions":{"and":[{"in":["UK","ES","IE","IT","AU","AT","BE","BG","CA","CH","DE","DK","LU","NL","PL","SK"],"property":"Country"},{"eq":"TRUE","property":"IsOneWeb"}]},"value":true}]},{"key":"jet-consumerweb::deliveryWithBenefitFeeRanges","valueType":"bool","defaultValueRules":[{"restrictions":{"in":["ES","IE","IT","UK","AU"],"property":"Country"},"value":true}]},{"key":"jet-consumerweb::discountedItemWithNewPrice","valueType":"bool","defaultValueRules":[{"restrictions":{"in":["UK","IE","ES","IT","AU","AT","BE","BG","CA","CH","DE","DK","FR","IL","LU","NL","NO","NZ","PL","PT","SK"],"property":"Country"},"value":true}],"tags":["affects-cache"]},{"key":"jet-consumerweb::displayDailyCalorieIntakeMessage","valueType":"bool","defaultValueRules":[{"restrictions":{"in":["UK","AU"],"property":"Country"},"value":true}]},{"key":"jet-consumerweb::drsSearchResults","valueType":"bool","defaultValueRules":[{"restrictions":{"eq":"IE","property":"Country"},"value":true}]},{"key":"jet-consumerweb::drsSearchResultsExp","valueType":"string","defaultValueRules":[{"restrictions":{"in":["DE","IE"],"property":"Country"},"value":"variation_1"}]},{"key":"jet-consumerweb::enableEmailChange","valueType":"bool","defaultValueRules":[{"restrictions":{"and":[{"in":["BE","NL","PL","LU","AT","BG","CH","DE","DK","SK"],"property":"Country"},{"eq":"TRUE","property":"IsOneWeb"}]},"value":true}]},{"key":"jet-consumerweb::facebookSignIn","valueType":"bool","defaultValueRules":[{"restrictions":{"in":["AT","BE","BG","CH","DE","DK","FR","PL","NL","LU","IE","UK","ES","SK","AU"],"property":"Country"},"value":true}]},{"key":"jet-consumerweb::faqSection","valueType":"bool","defaultValueRules":[{"restrictions":{"eq":"CH","property":"Country"},"value":true}]},{"key":"jet-consumerweb::fsaBadge","valueType":"bool","defaultValueRules":[{"restrictions":{"eq":"UK","property":"Country"},"value":true}]},{"key":"jet-consumerweb::giftCardShop","valueType":"bool","defaultValueRules":[{"restrictions":{"in":["AT","BE","CH","DE","FR","NL","PL","DK","BG"],"property":"Country"},"value":true}]},{"key":"jet-consumerweb::globalAuthIreland","valueType":"bool","defaultValueRules":[{"restrictions":{"and":[{"eq":"IE","property":"Country"},{"eq":"TRUE","property":"IsOneWeb"}]},"value":false}],"evaluationLogic":{"type":"IdHash","detail":{"bucketBy":"AnonUserId","prefix":"globalAuthIreland","rules":[{"restrictions":{"and":[{"eq":"IE","property":"Country"},{"eq":"TRUE","property":"IsOneWeb"}]},"audienceFraction":1,"variants":[{"weight":1,"value":true}]}]}},"tags":["affects-cache"]},{"key":"jet-consumerweb::globalFeedback","valueType":"bool","defaultValueRules":[{"restrictions":{"in":["DE","NL","PL","FR","DK","CH","BE","BG","AT","IE"],"property":"Country"},"value":true},{"restrictions":{"eq":"SK","property":"Country"},"value":false}]},{"key":"jet-consumerweb::googleSignIn","valueType":"bool","defaultValueRules":[{"restrictions":{"in":["AT","BE","BG","CH","DE","DK","FR","LU","NL","PL","IE","ES","SK","AU","UK","IT"],"property":"Country"},"value":true}]},{"key":"jet-consumerweb::granularCookieBanner","valueType":"bool","defaultValueRules":[{"restrictions":{"in":["DK","IE","ES","IT","FR","AU","AT","DE","BE","BG","CH","LU","NL","PL","SK","UK"],"property":"Country"},"value":true}]},{"key":"jet-consumerweb::groceryFlinkCustomCategoryImageEnabled","valueType":"bool","defaultValueRules":[{"restrictions":{"eq":"DE","property":"Country"},"value":true}]},{"key":"jet-consumerweb::groceryGoogleShoppingEnabled","valueType":"bool","defaultValueRules":[{"restrictions":{"eq":"UK","property":"Country"},"value":true}]},{"key":"jet-consumerweb::groceryGoogleShoppingSearchStoresEnabled","valueType":"bool","defaultValueRules":[{"restrictions":{"eq":"UK","property":"Country"},"value":false}]},{"key":"jet-consumerweb::groceryItemsGridview","valueType":"bool","defaultValueRules":[{"restrictions":{"in":["DK","BE","AT","BG","FR","LU","NL","PL","CH","DE","UK","SK","AU","ES","IT","IE"],"property":"Country"},"value":true}],"tags":["affects-cache"]},{"key":"jet-consumerweb::grocery_limit_rendered_items_for_bots","valueType":"int","defaultValueRules":[{"restrictions":{"in":["ES","IE","IT","UK","DE","AT","BE","BG","CH","DK","FR","LU","NL","PL","SK"],"property":"Country"},"value":10}]},{"key":"jet-consumerweb::groceryRoute","valueType":"bool","defaultValueRules":[{"restrictions":{"in":["NL","DE","AT","BE","FR","BG","PL","CH","DK","LU","SK"],"property":"Country"},"value":false}]},{"key":"jet-consumerweb::grocery_single_category_view_enabled","valueType":"string","defaultValueRules":[{"restrictions":{"in":["AT","BE","BG","CH","DE","DK","FR","IE","LU","NL","PL","UK","ES","IT","AU","SK"],"property":"Country"},"value":"variation_1"}],"tags":["affects-cache"]},{"key":"jet-consumerweb::grocery_ssr_enabled","valueType":"bool","defaultValueRules":[{"restrictions":{"in":["BE","CH","DK","PL","BG","FR","AT","NL","DE","LU","SK"],"property":"Country"},"value":false}],"tags":["affects-cache"]},{"key":"jet-consumerweb::guest_registration_flow_enabled","valueType":"bool","defaultValueRules":[{"restrictions":{"and":[{"in":["UK","AT","DE","CH","DK","NL","BE","BG","LU"],"property":"Country"},{"eq":"TRUE","property":"IsOneWeb"}]},"value":true}]},{"key":"jet-consumerweb::hide_cookie_banner","valueType":"bool","defaultValueRules":[{"restrictions":{"eq":"AU","property":"Country"},"value":true}]},{"key":"jet-consumerweb::hideHardcodeForWalkingSkeleton","valueType":"bool","defaultValueRules":[{"restrictions":{"in":["AU","ES","UK","IE","IT","NZ"],"property":"Country"},"value":true}]},{"key":"jet-consumerweb::hideOfflineItemsForGroceries","valueType":"bool","defaultValueRules":[{"restrictions":{"in":["UK","DE","NL","SK","IT","ES","BG"],"property":"Country"},"value":true}]},{"key":"jet-consumerweb::hm_aa_exp","valueType":"string","defaultValueRules":[{"restrictions":{"in":["UK","ES","IE","AU","IT"],"property":"Country"},"value":"reserve"}],"evaluationLogic":{"type":"IdHash","detail":{"bucketBy":"AnonUserId","prefix":"hm_aa_exp_20250520","rules":[{"restrictions":{"in":["UK","ES","IE","AU","IT"],"property":"Country"},"audienceFraction":1,"variants":[{"weight":1,"value":"control","experimentKey":"SFR-6361-hm_aa_exp","experimentVariant":"control"},{"weight":1,"value":"variant","experimentKey":"SFR-6361-hm_aa_exp","experimentVariant":"variant"}]}]}}},{"key":"jet-consumerweb::hm_wk_aa_exp","valueType":"string","defaultValueRules":[{"restrictions":{"in":["UK","IE","ES","AU","IT"],"property":"Country"},"value":"reserve"}],"evaluationLogic":{"type":"IdHash","detail":{"bucketBy":"AnonUserId","prefix":"hm_wk_aa_exp_20250520","rules":[{"restrictions":{"in":["UK","IE","ES","AU","IT"],"property":"Country"},"audienceFraction":1,"variants":[{"weight":1,"value":"control","experimentKey":"AAAA-0000-hm_wk_aa_exp","experimentVariant":"control"},{"weight":1,"value":"variant","experimentKey":"AAAA-0000-hm_wk_aa_exp","experimentVariant":"variant"}]}]}},"tags":["affects-cache"]},{"key":"jet-consumerweb::hygieneFilter","valueType":"bool","defaultValueRules":[{"restrictions":{"eq":"UK","property":"Country"},"value":true}]},{"key":"jet-consumerweb::isChallengeEnabled","valueType":"bool","defaultValueRules":[{"restrictions":{"and":[{"eq":"SK","property":"Country"},{"eq":"TRUE","property":"IsOneWeb"}]},"value":true},{"restrictions":{"and":[{"in":["AT","AU","BE","BG","CA","CH","DE","DK","ES","FR","IE","IL","IT","LU","NL","NO","NZ","PL","UK","PT"],"property":"Country"},{"eq":"TRUE","property":"IsOneWeb"}]},"value":true}]},{"key":"jet-consumerweb::isClientSearchRequired","valueType":"bool","defaultValueRules":[{"restrictions":{"eq":"PT","property":"Country"},"value":true}]},{"key":"jet-consumerweb::isDynamicDeliveryFeeEnabled","valueType":"bool","defaultValueRules":[{"restrictions":{"in":["AT","BE","AU","BG","CA","CH","DE","DK","ES","FR","IE","IL","IT","LU","NO","NZ","PL","UK","NL","SK"],"property":"Country"},"value":true}]},{"key":"jet-consumerweb::isGoogleAndApplePayEnabled","valueType":"bool","defaultValueRules":[{"restrictions":{"and":[{"eq":"SK","property":"Country"},{"eq":"TRUE","property":"IsOneWeb"}]},"value":true},{"restrictions":{"and":[{"in":["AT","AU","BE","BG","CA","CH","DE","DK","ES","FR","IE","IL","IT","LU","NL","NO","NZ","PL","UK","PT"],"property":"Country"},{"eq":"TRUE","property":"IsOneWeb"}]},"value":true}]},{"key":"jet-consumerweb::isStandardisedPaymentFlowEnabled","valueType":"bool","defaultValueRules":[{"restrictions":{"in":["AT","BE","BG","DE","DK","CH","PT","PL","NL","FR","NO","LU"],"property":"Country"},"value":true}]},{"key":"jet-consumerweb::itemNameSticky","valueType":"bool","defaultValueRules":[{"restrictions":{"and":[{"in":["IE","UK","ES","IT","AU","AT","BE","BG","CA","CH","DE","DK","LU","NL","PL","SK"],"property":"Country"},{"eq":"TRUE","property":"IsOneWeb"}]},"value":true}]},{"key":"jet-consumerweb::keepSODataOnReturnToRL","valueType":"int","defaultValueRules":[{"restrictions":{"in":["IE","UK","AU"],"property":"Country"},"value":15}]},{"key":"jet-consumerweb::languageSelector","valueType":"bool","defaultValueRules":[{"restrictions":{"in":["AT","BE","BG","CH","DE","DK","FR","IL","LU","NL","PL","SK","ES"],"property":"Country"},"value":true}]},{"key":"jet-consumerweb::lazyExpKeepDiscoveryStore","valueType":"string","defaultValueRules":[{"restrictions":{"in":["IE","UK"],"property":"Country"},"value":"reserve"}],"evaluationLogic":{"type":"IdHash","detail":{"bucketBy":"AnonUserId","prefix":"lazyExpKeepDiscoveryStore","rules":[{"restrictions":{"eq":"IE","property":"Country"},"audienceFraction":1,"variants":[{"weight":1,"value":"control","experimentKey":"SDISCO-2255-lazyExpKeepDiscoveryStore","experimentVariant":"control"},{"weight":1,"value":"variation_1","experimentKey":"SDISCO-2255-lazyExpKeepDiscoveryStore","experimentVariant":"variation_1"}]}]}},"tags":["affects-cache"]},{"key":"jet-consumerweb::lazy_menu_item_selector_ui_updates","valueType":"bool","defaultValueRules":[{"restrictions":{"and":[{"in":["AT","BE","BG","CH","DE","DK","LU","NL","PL","SK","UK","ES","IT","AU","IE"],"property":"Country"},{"eq":"TRUE","property":"IsOneWeb"}]},"value":true}],"evaluationLogic":{"type":"IdHash","detail":{"bucketBy":"AnonUserId","prefix":"lazy_menu_item_selector_ui_updates_20241014","rules":[{"restrictions":{"in":["AU","UK","ES","IT"],"property":"Country"},"audienceFraction":1,"variants":[{"weight":0,"value":false,"experimentKey":"EX-2225-lazy_menu_item_selector_ui_updates","experimentVariant":"control"},{"weight":1,"value":true,"experimentKey":"EX-2225-lazy_menu_item_selector_ui_updates","experimentVariant":"variant"}]},{"restrictions":{"eq":"IE","property":"Country"},"audienceFraction":1,"variants":[{"weight":1,"value":false,"experimentKey":"EX-2225-lazy_menu_item_selector_ui_updates","experimentVariant":"control"},{"weight":1,"value":true,"experimentKey":"EX-2225-lazy_menu_item_selector_ui_updates","experimentVariant":"variant"}]}]}}},{"key":"jet-consumerweb::lazy_test_experiment","valueType":"string","defaultValueRules":[{"restrictions":{"eq":"DE","property":"Country"},"value":"default production value"}],"evaluationLogic":{"type":"IdHash","detail":{"bucketBy":"AnonUserId","prefix":"Test Lazy Experiment","rules":[{"restrictions":{"eq":"DE","property":"Country"},"audienceFraction":1,"variants":[{"weight":1,"value":"control","experimentKey":"EX-000-Test Lazy Experiment","experimentVariant":"control"},{"weight":1,"value":"variation_1","experimentKey":"EX-000-Test Lazy Experiment","experimentVariant":"variant"}]}]}},"tags":["affects-cache"]},{"key":"jet-consumerweb::limitedReviewNumber","valueType":"int","defaultValueRules":[{"restrictions":{"in":["UK","IE","PL","DE","LU","NL","BE","BG","FR","DK","AT","CH","ES","IT","AU","SK"],"property":"Country"},"value":200}]},{"key":"jet-consumerweb::localLegendsOW","valueType":"bool","defaultValueRules":[{"restrictions":{"in":["UK","IE","ES","IT","AU"],"property":"Country"},"value":true}]},{"key":"jet-consumerweb::loginHeaderButton","valueType":"bool","defaultValueRules":[{"restrictions":{"in":["UK","IT","ES","AU","DE","AT","PL","NL","BE","BG","DK","LU","CH","SK","IE"],"property":"Country"},"value":true}]},{"key":"jet-consumerweb::ls-checkout-default-address","valueType":"bool","defaultValueRules":[{"restrictions":{"and":[{"in":["AT","AU","BE","BG","CH","DE","DK","ES","IE","IT","LU","NL","PL","UK","SK"],"property":"Country"},{"eq":"TRUE","property":"IsOneWeb"}]},"value":true}]},{"key":"jet-consumerweb::ls-fetch-serp-by-full-canonical-name","valueType":"bool","defaultValueRules":[{"restrictions":{"eq":"AU","property":"Country"},"value":true},{"restrictions":{"and":[{"in":["AT","DE"],"property":"Country"},{"eq":"TRUE","property":"IsOneWeb"}]},"value":true}],"tags":["affects-cache"]},{"key":"jet-consumerweb::ls_use_byslug_plapi","valueType":"bool","defaultValueRules":[{"restrictions":{"and":[{"in":["AT","DE","NL","BG","CH","BE","DK","PL","LU","SK","AU","ES","IE","IT","UK"],"property":"Country"},{"eq":"TRUE","property":"IsOneWeb"}]},"value":true}],"tags":["affects-cache"]},{"key":"jet-consumerweb::max_quantity_restriction","valueType":"bool","defaultValueRules":[{"restrictions":{"in":["UK","IT","IE","AU","ES"],"property":"Country"},"value":true}],"tags":["affects-cache"]},{"key":"jet-consumerweb::measure_interaction_performance","valueType":"string","defaultValueRules":[{"restrictions":{"in":["AT","AU","BE","BG","CA","CH","DE","DK","ES","FR","IE","IL","IT","LU","NL","NO","NZ","PL","UK"],"property":"Country"},"value":"control"}]},{"key":"jet-consumerweb::membershipsPage","valueType":"bool","defaultValueRules":[{"restrictions":{"and":[{"eq":"UK","property":"Country"},{"eq":"TRUE","property":"IsOneWeb"}]},"value":false}],"evaluationLogic":{"type":"IdHash","detail":{"bucketBy":"AnonUserId","prefix":"otpPurchase-and-membershipsPage","rules":[{"restrictions":{"and":[{"eq":"UK","property":"Country"},{"eq":"TRUE","property":"IsOneWeb"}]},"audienceFraction":1,"variants":[{"weight":1,"value":true}]},{"restrictions":{"eq":"AU","property":"Country"},"audienceFraction":1,"variants":[{"weight":0,"value":false,"experimentKey":"CACT-3557-otpPurchase-and-membershipsPage","experimentVariant":"control"},{"weight":100,"value":true,"experimentKey":"CACT-3557-otpPurchase-and-membershipsPage","experimentVariant":"variant"}]}]}}},{"key":"jet-consumerweb::menu_activate_single_category_view_on_minimum_rendered_items_value","valueType":"int","defaultValueRules":[{"restrictions":{"and":[{"in":["AT","AU","BE","BG","CA","CH","DE","DK","ES","IE","IT","LU","NL","PL","UK","SK"],"property":"Country"},{"eq":"TRUE","property":"IsOneWeb"}]},"value":500}],"tags":["affects-cache"]},{"key":"jet-consumerweb::menu_alcohol_requirements_enabled","valueType":"bool","defaultValueRules":[{"restrictions":{"eq":"AU","property":"Country"},"value":true}]},{"key":"jet-consumerweb::menu_basket_lightning_cross_sell","valueType":"bool","defaultValueRules":[{"restrictions":{"in":["IE","UK","ES","IT","AU"],"property":"Country"},"value":true}]},{"key":"jet-consumerweb::menu_benefit_minimum_order_value","valueType":"int","defaultValueRules":[{"restrictions":{"eq":"ES","property":"Country"},"value":1500},{"restrictions":{"eq":"AU","property":"Country"},"value":1300}]},{"key":"jet-consumerweb::menu_bot_ssr_timeout","valueType":"int","defaultValueRules":[{"restrictions":{"and":[{"in":["UK","IE","IT","ES","AU","AT","BE","BG","CA","CH","DE","DK","LU","NL","PL","SK"],"property":"Country"},{"eq":"TRUE","property":"IsOneWeb"}]},"value":1500}],"tags":["affects-cache"]},{"key":"jet-consumerweb::menu_category_lazy_loading_enabled","valueType":"bool","defaultValueRules":[{"restrictions":{"in":["AT","BG","CH","DE","DK","FR","IE","IT","LU","NL","NO","PL","UK","PT","SK","BE","ES","AU","CA"],"property":"Country"},"value":false}]},{"key":"jet-consumerweb::menu_colophon_enabled","valueType":"bool","defaultValueRules":[{"restrictions":{"in":["AT","AU","BE","BG","CH","DK","ES","FR","IE","IT","LU","NL","PL","UK","DE","SK"],"property":"Country"},"value":true}]},{"key":"jet-consumerweb::menu_cross_sell_screen_enabled","valueType":"bool","defaultValueRules":[{"restrictions":{"and":[{"eq":"UK","property":"Country"},{"eq":"TRUE","property":"IsOneWeb"}]},"value":false}]},{"key":"jet-consumerweb::menu_display_deposit","valueType":"bool","defaultValueRules":[{"restrictions":{"in":["IE","DE","SK","AT","NL"],"property":"Country"},"value":true}]},{"key":"jet-consumerweb::menu_drone_delivery_configuration_v2","valueType":"composite","defaultValueRules":[{"restrictions":{"eq":"IE","property":"Country"},"value":{"isDroneDeliveryEnabled":true,"partnerPair1":"boojum-blanchardstown-dublin:boojum-manna-dublin15","partnerPair2":"offbeat-donuts-blanchardstown-dublin-15:offbeat-donuts-drone-blanchardstown-dublin","partnerPair3":"kake-dublin:kake--delivered-by-drone-dublin","partnerPair4":"londis-blanchardstown-dublin-15:londis-blanchardstown--delivered-by-blanchardstown","partnerPair5":"desi-bavarchi-dublin:desi-bavarchi--delivered-by-drone-blanchardstown","partnerPair6":"","partnerPair7":"","partnerPair8":"","partnerPair9":"","partnerPair10":""}}]},{"key":"jet-consumerweb::menu_dsa_fee_transparency_enabled","valueType":"bool","defaultValueRules":[{"restrictions":{"in":["ES","IT","IE","NL","BE","BG","FR","DK","DE","PL","LU","SK","AT","UK"],"property":"Country"},"value":true}]},{"key":"jet-consumerweb::menu_dynamic_api_on_client_enabled","valueType":"bool","defaultValueRules":[{"restrictions":{"and":[{"in":["IE","UK","ES","AU","IT","AT","BE","BG","CA","CH","DE","DK","LU","NL","PL","SK"],"property":"Country"},{"eq":"TRUE","property":"IsOneWeb"}]},"value":true}]},{"key":"jet-consumerweb::menu_favourite_icon_at_header_enabled","valueType":"bool","defaultValueRules":[{"restrictions":{"and":[{"in":["AT","NL","BE","BG","DK","FR","DE","LU","PL","CH"],"property":"Country"},{"eq":"FALSE","property":"IsOneWeb"}]},"value":true}]},{"key":"jet-consumerweb::menuFiveGuysCustomAllergenTextEnabled","valueType":"bool","defaultValueRules":[{"restrictions":{"eq":"UK","property":"Country"},"value":true}]},{"key":"jet-consumerweb::menu_force_waiting_for_dynamic_menu_enabled","valueType":"bool","defaultValueRules":[{"restrictions":{"and":[{"in":["IE","ES","UK","IT","AU","AT","BE","BG","CA","CH","DE","DK","LU","NL","PL","SK"],"property":"Country"},{"eq":"TRUE","property":"IsOneWeb"}]},"value":true}]},{"key":"jet-consumerweb::menu_group_ordering_app_only_landing_page_enabled","valueType":"bool","defaultValueRules":[{"restrictions":{"eq":"SK","property":"Country"},"value":false}],"tags":["affects-cache"]},{"key":"jet-consumerweb::menu_group_ordering_groceries_enabled","valueType":"bool","defaultValueRules":[{"restrictions":{"and":[{"in":["UK","IE","IT","ES","SK"],"property":"Country"},{"eq":"TRUE","property":"IsOneWeb"}]},"value":true},{"restrictions":{"and":[{"in":["AT","DE","NL","CH","DK","BE","BG","LU","AU","PL"],"property":"Country"},{"eq":"TRUE","property":"IsOneWeb"}]},"value":true}],"tags":["affects-cache"]},{"key":"jet-consumerweb::menu_group_ordering_initiation_enabled","valueType":"bool","defaultValueRules":[{"restrictions":{"and":[{"in":["UK","AT","NL","DE"],"property":"Country"},{"eq":"TRUE","property":"IsOneWeb"}]},"value":false}],"evaluationLogic":{"type":"IdHash","detail":{"bucketBy":"AnonUserId","prefix":"universal_menu_group_ordering_initiation_experiment","rules":[{"restrictions":{"and":[{"in":["UK","AT","NL","DE","CH","DK","ES","IE","IT","SK"],"property":"Country"},{"eq":"TRUE","property":"IsOneWeb"}]},"audienceFraction":1,"variants":[{"weight":1,"value":true}]},{"restrictions":{"and":[{"in":["BG","BE","LU"],"property":"Country"},{"eq":"TRUE","property":"IsOneWeb"}]},"audienceFraction":1,"variants":[{"weight":1,"value":true}]},{"restrictions":{"and":[{"in":["AU","PL"],"property":"Country"},{"eq":"TRUE","property":"IsOneWeb"}]},"audienceFraction":1,"variants":[{"weight":1,"value":true}]}]}}},{"key":"jet-consumerweb::menu_group_ordering_participation_enabled","valueType":"bool","defaultValueRules":[{"restrictions":{"and":[{"in":["UK","AT","NL","DE","ES","IE","IT","BE","CH","DK","LU","BG","SK","AU","PL"],"property":"Country"},{"eq":"TRUE","property":"IsOneWeb"}]},"value":true}]},{"key":"jet-consumerweb::menu_group_ordering_pharmacies_enabled","valueType":"bool","defaultValueRules":[{"restrictions":{"and":[{"in":["UK","IE","IT","ES","NL","AT","DE","BE","CH","DK","LU","BG","SK","AU","PL"],"property":"Country"},{"eq":"TRUE","property":"IsOneWeb"}]},"value":true}],"tags":["affects-cache"]},{"key":"jet-consumerweb::menu_group_ordering_share_my_balance_enabled","valueType":"bool","defaultValueRules":[{"restrictions":{"and":[{"in":["UK","NL","AT","DE","IT","ES","IE","BE","CH","DK","LU","BG","SK","PL","AU"],"property":"Country"},{"eq":"TRUE","property":"IsOneWeb"}]},"value":true}]},{"key":"jet-consumerweb::menu_header_about_us_button","valueType":"string","defaultValueRules":[{"restrictions":{"eq":"DE","property":"Country"},"value":"variation_1"},{"restrictions":{"in":["AT","CH","DK","ES","CA","FR","IE","IL","IT","LU","NL","NO","NZ","PL","UK","PT","SK","BG","BE","AU"],"property":"Country"},"value":"control"}],"evaluationLogic":{"type":"IdHash","detail":{"bucketBy":"AnonUserId","prefix":"menu_header_about_us_button","rules":[{"restrictions":{"eq":"DE","property":"Country"},"audienceFraction":1,"variants":[{"weight":0,"value":"control","experimentKey":"MENUVS-3959-menu_header_about_us_button","experimentVariant":"control"},{"weight":100,"value":"variation_1","experimentKey":"MENUVS-3959-menu_header_about_us_button","experimentVariant":"variant"}]}]}}},{"key":"jet-consumerweb::menuHeaderTraderDeclaration","valueType":"bool","defaultValueRules":[{"restrictions":{"eq":"PL","property":"Country"},"value":true}]},{"key":"jet-consumerweb::menu_hero_optimisation","valueType":"bool","defaultValueRules":[{"restrictions":{"in":["UK","IE","ES"],"property":"Country"},"value":true}]},{"key":"jet-consumerweb::menu_hero_optimisation_exp","valueType":"string","defaultValueRules":[{"restrictions":{"in":["UK","IE"],"property":"Country"},"value":"reserve"}],"evaluationLogic":{"type":"IdHash","detail":{"bucketBy":"AnonUserId","prefix":"menu_hero_optimisation_exp","rules":[{"restrictions":{"in":["UK","IE"],"property":"Country"},"audienceFraction":1,"variants":[{"weight":1,"value":"control","experimentKey":"DSW-1743-menu_hero_optimisation_exp","experimentVariant":"control"},{"weight":1,"value":"variation_1","experimentKey":"DSW-1743-menu_hero_optimisation_exp","experimentVariant":"variation_1"}]}]}}},{"key":"jet-consumerweb::menu_hygiene_rating_enabled","valueType":"bool","defaultValueRules":[{"restrictions":{"in":["DK","UK"],"property":"Country"},"value":true}]},{"key":"jet-consumerweb::menu_is_omnibus_review_and_trading_partner_disabled","valueType":"bool","defaultValueRules":[{"restrictions":{"eq":"AU","property":"Country"},"value":true}]},{"key":"jet-consumerweb::menu_is_preorder_modal_visible","valueType":"bool","defaultValueRules":[{"restrictions":{"and":[{"in":["IE","UK","ES","AU","IT"],"property":"Country"},{"eq":"TRUE","property":"IsOneWeb"}]},"value":true}],"tags":["affects-cache"]},{"key":"jet-consumerweb::menu_item_new_card_ui","valueType":"bool","defaultValueRules":[{"restrictions":{"and":[{"in":["AT","AU","BE","BG","CA","CH","DE","DK","ES","IE","IT","LU","NL","PL","UK","SK"],"property":"Country"},{"eq":"TRUE","property":"IsOneWeb"}]},"value":true}],"tags":["affects-cache"]},{"key":"jet-consumerweb::menu_item_notes_enabled","valueType":"bool","defaultValueRules":[{"restrictions":{"in":["AT","DE","BE","CH","DK","FR","LU","NL","NO","PL","PT","BG","SK"],"property":"Country"},"value":true},{"restrictions":{"in":["ES","IE","IT","UK","AU"],"property":"Country"},"value":false}]},{"key":"jet-consumerweb::menuItemNutritionalInfo","valueType":"bool","defaultValueRules":[{"restrictions":{"in":["UK","IE","AU"],"property":"Country"},"value":true}]},{"key":"jet-consumerweb::menu_item_search","valueType":"bool","defaultValueRules":[{"restrictions":{"and":[{"in":["UK","AU","IE","ES","IT","NZ","AT","BE","BG","CA","CH","DE","DK","LU","NL","PL","SK"],"property":"Country"},{"eq":"TRUE","property":"IsOneWeb"}]},"value":true}]},{"key":"jet-consumerweb::menu_item_selector_deal_variation_image_visible","valueType":"bool","defaultValueRules":[{"restrictions":{"eq":"BG","property":"Country"},"value":false}],"tags":["affects-cache"]},{"key":"jet-consumerweb::menu_item_selector_improvements","valueType":"string","defaultValueRules":[{"restrictions":{"in":["IE","ES","UK","IT","AU"],"property":"Country"},"value":"control"},{"restrictions":{"and":[{"in":["AT","BE","BG","CA","CH","DE","DK","LU","NL","PL","SK"],"property":"Country"},{"eq":"TRUE","property":"IsOneWeb"}]},"value":"variation_1"}]},{"key":"jet-consumerweb::menu_item_selector_notes_enabled","valueType":"bool","defaultValueRules":[{"restrictions":{"in":["AT","BE","BG","CH","DE","DK","LU","NL","PL","SK"],"property":"Country"},"value":false}],"evaluationLogic":{"type":"IdHash","detail":{"bucketBy":"AnonUserId","prefix":"menu_item_selector_notes_enabled_20250519","rules":[{"restrictions":{"in":["AT","BE","BG","CH","DE","DK","LU","NL","PL","SK"],"property":"Country"},"audienceFraction":0.5,"variants":[{"weight":1,"value":false,"experimentKey":"CBSH-3-menu_item_selector_notes_enabled","experimentVariant":"control"},{"weight":1,"value":true,"experimentKey":"CBSH-3-menu_item_selector_notes_enabled","experimentVariant":"variant"}]}]}},"tags":["affects-cache"]},{"key":"jet-consumerweb::menu_items_truncation_enabled","valueType":"bool","defaultValueRules":[{"restrictions":{"and":[{"eq":"AU","property":"Country"},{"eq":"TRUE","property":"IsOneWeb"}]},"value":false},{"restrictions":{"and":[{"in":["UK","IE","IT","ES"],"property":"Country"},{"eq":"TRUE","property":"IsOneWeb"}]},"value":true}],"tags":["affects-cache"]},{"key":"jet-consumerweb::menu_limit_rendered_items_for_bots","valueType":"int","defaultValueRules":[{"restrictions":{"and":[{"in":["ES","IE","IT","UK","AU","AT","BE","BG","CA","CH","DE","DK","LU","NL","PL","SK"],"property":"Country"},{"eq":"TRUE","property":"IsOneWeb"}]},"value":50}]},{"key":"jet-consumerweb::menu_mcdonalds_popups_enabled","valueType":"bool","defaultValueRules":[{"restrictions":{"eq":"UK","property":"Country"},"value":true}]},{"key":"jet-consumerweb::menu_mov_banner_information_enabled","valueType":"bool","defaultValueRules":[{"restrictions":{"and":[{"in":["AT","BE","BG","CA","CH","DE","DK","LU","NL","PL","SK"],"property":"Country"},{"eq":"TRUE","property":"IsOneWeb"}]},"value":true}]},{"key":"jet-consumerweb::menu_multi_language_enabled","valueType":"bool","defaultValueRules":[{"restrictions":{"and":[{"in":["AT","BE","BG","CH","DE","DK","LU","NL","PL","SK"],"property":"Country"},{"eq":"TRUE","property":"IsOneWeb"}]},"value":true}],"tags":["affects-cache"]},{"key":"jet-consumerweb::menu_nutritional_info_icon_as_link_enabled","valueType":"bool","defaultValueRules":[{"restrictions":{"eq":"DE","property":"Country"},"value":true}]},{"key":"jet-consumerweb::menu_nutritional_info_icon_at_item_card_enabled","valueType":"bool","defaultValueRules":[{"restrictions":{"in":["AT","BE","BG","CH","DE","DK","LU","NL","PL","AU","ES","IE","IT","UK","SK"],"property":"Country"},"value":true}]},{"key":"jet-consumerweb::menu_nutritional_info_icon_at_item_selector_content_enabled","valueType":"bool","defaultValueRules":[{"restrictions":{"in":["AT","BE","BG","CH","DE","DK","LU","NL","PL","SK"],"property":"Country"},"value":true}]},{"key":"jet-consumerweb::menu_nutritional_info_icon_at_item_selector_header_enabled","valueType":"bool","defaultValueRules":[{"restrictions":{"in":["AT","BE","BG","CH","DE","DK","LU","NL","PL","AU","CA","ES","IE","IT","UK","SK"],"property":"Country"},"value":true}]},{"key":"jet-consumerweb::menu_nutritional_info_icon_at_showcase_enabled","valueType":"bool","defaultValueRules":[{"restrictions":{"and":[{"eq":"DE","property":"Country"},{"eq":"TRUE","property":"IsOneWeb"}]},"value":true}]},{"key":"jet-consumerweb::menu_nutrition_info_link_enabled","valueType":"bool","defaultValueRules":[{"restrictions":{"eq":"DE","property":"Country"},"value":true}]},{"key":"jet-consumerweb::menu_oneweb_product_info_integration_enabled","valueType":"bool","defaultValueRules":[{"restrictions":{"and":[{"in":["AT","BE","BG","CH","DE","DK","LU","NL","PL","PT","SK"],"property":"Country"},{"eq":"TRUE","property":"IsOneWeb"}]},"value":true}]},{"key":"jet-consumerweb::menu_partner_phone_number_in_product_info_enabled","valueType":"bool","defaultValueRules":[{"restrictions":{"and":[{"eq":"CH","property":"Country"},{"eq":"TRUE","property":"IsOneWeb"}]},"value":true}]},{"key":"jet-consumerweb::menu_product_info_without_details_enabled","valueType":"bool","defaultValueRules":[{"restrictions":{"and":[{"eq":"DE","property":"Country"},{"eq":"TRUE","property":"IsOneWeb"}]},"value":true}],"tags":["affects-cache"]},{"key":"jet-consumerweb::menu_quick_add_enabled","valueType":"bool","defaultValueRules":[{"restrictions":{"in":["DE","NL","IE","UK","AT","BE","BG","DK","FR","LU","NO","PL","ES","IT","CH","AU","SK","CA"],"property":"Country"},"value":true}]},{"key":"jet-consumerweb::menu_restaurant_reviews_limit_enabled","valueType":"bool","defaultValueRules":[{"restrictions":{"in":["UK","IE","AT","BE","BG","CH","DE","DK","FR","LU","NL","PL","IT","ES","AU","SK","CA"],"property":"Country"},"value":true}]},{"key":"jet-consumerweb::menu_service_fee_text_in_indicators_enabled","valueType":"bool","defaultValueRules":[{"restrictions":{"eq":"AU","property":"Country"},"value":true}]},{"key":"jet-consumerweb::menu_service_fee_text_in_info_page","valueType":"bool","defaultValueRules":[{"restrictions":{"eq":"AT","property":"Country"},"value":false}],"tags":["affects-cache"]},{"key":"jet-consumerweb::menu_show_category_shortcut","valueType":"bool","defaultValueRules":[{"restrictions":{"in":["IE","NL","DK","DE","AT","BE","BG","CH","LU","ES","IT","UK","AU","SK","PL","CA"],"property":"Country"},"value":true}]},{"key":"jet-consumerweb::menu_show_grocery_simple_items_in_a_modal","valueType":"bool","defaultValueRules":[{"restrictions":{"in":["DK","BE","AT","BG","FR","LU","PL","DE","NL","CH","SK"],"property":"Country"},"value":true}]},{"key":"jet-consumerweb::menu_show_new_offer_ui","valueType":"bool","defaultValueRules":[{"restrictions":{"in":["UK","IE","ES","IT","AU"],"property":"Country"},"value":true},{"restrictions":{"and":[{"in":["AT","DE","NL","DK","BE","BG","LU","PL","CH","SK"],"property":"Country"},{"eq":"TRUE","property":"IsOneWeb"}]},"value":true}]},{"key":"jet-consumerweb::menu_show_report_link","valueType":"bool","defaultValueRules":[{"restrictions":{"in":["AT","BE","BG","DE","DK","ES","FR","IE","IT","LU","NL","PL","SK"],"property":"Country"},"value":true}]},{"key":"jet-consumerweb::menu_show_variable_service_fee_enabled","valueType":"bool","defaultValueRules":[{"restrictions":{"in":["AU","IT"],"property":"Country"},"value":true}]},{"key":"jet-consumerweb::menuSingleCategoryView","valueType":"bool","defaultValueRules":[{"restrictions":{"and":[{"in":["UK","IE","AT","AU","BE","BG","CA","CH","DE","DK","ES","IT","LU","NL","PL","SK"],"property":"Country"},{"eq":"TRUE","property":"IsOneWeb"}]},"value":true}],"evaluationLogic":{"type":"IdHash","detail":{"bucketBy":"AnonUserId","prefix":"menuSingleCategoryView","rules":[{"restrictions":{"and":[{"in":["UK","ES","IE","AU","IT","AT","BE","BG","CA","CH","DE","DK","LU","NL","PT","SK","PL"],"property":"Country"},{"eq":"TRUE","property":"IsOneWeb"}]},"audienceFraction":1,"variants":[{"weight":1,"value":true}]}]}},"tags":["affects-cache"]},{"key":"jet-consumerweb::menu_snowplow_impressions","valueType":"bool","defaultValueRules":[{"restrictions":{"and":[{"in":["IE","UK","ES","IT","AU","AT","BE","BG","CA","CH","DE","DK","LU","NL","PL","SK"],"property":"Country"},{"eq":"TRUE","property":"IsOneWeb"}]},"value":true}],"evaluationLogic":{"type":"IdHash","detail":{"bucketBy":"AnonUserId","prefix":"menu_snowplow_impressions","rules":[{"restrictions":{"in":["IE","UK","ES","IT","AU"],"property":"Country"},"audienceFraction":1,"variants":[{"weight":1,"value":true}]}]}}},{"key":"jet-consumerweb::menuStarbucksCustomAllergenTextEnabled","valueType":"bool","defaultValueRules":[{"restrictions":{"eq":"UK","property":"Country"},"value":true}]},{"key":"jet-consumerweb::menu_stop_fetch_restaurant_retry_on_ssr_enabled","valueType":"bool","defaultValueRules":[{"restrictions":{"in":["UK","IE","IT","ES"],"property":"Country"},"value":true}],"tags":["affects-cache"]},{"key":"jet-consumerweb::menu_user_ssr_timeout","valueType":"int","defaultValueRules":[{"restrictions":{"and":[{"in":["UK","IE","ES","IT","AU","AT","BE","BG","CA","CH","DE","DK","LU","NL","PL","SK"],"property":"Country"},{"eq":"TRUE","property":"IsOneWeb"}]},"value":1500}],"tags":["affects-cache"]},{"key":"jet-consumerweb::mn_aa_exp","valueType":"string","defaultValueRules":[{"restrictions":{"in":["UK","IE","ES","AU","IT"],"property":"Country"},"value":"reserve"}],"evaluationLogic":{"type":"IdHash","detail":{"bucketBy":"AnonUserId","prefix":"mn_aa_exp_20250520","rules":[{"restrictions":{"in":["UK","IE","ES","AU","IT"],"property":"Country"},"audienceFraction":1,"variants":[{"weight":1,"value":"control","experimentKey":"MENUVS-4788-mn_aa_exp","experimentVariant":"control"},{"weight":1,"value":"variant","experimentKey":"MENUVS-4788-mn_aa_exp","experimentVariant":"variant"}]}]}}},{"key":"jet-consumerweb::mn_wk_aa_exp","valueType":"string","defaultValueRules":[{"restrictions":{"in":["UK","IE","ES","AU","IT"],"property":"Country"},"value":"reserve"}],"evaluationLogic":{"type":"IdHash","detail":{"bucketBy":"AnonUserId","prefix":"mn_wk_aa_exp_20250520","rules":[{"restrictions":{"in":["UK","IE","ES","AU","IT"],"property":"Country"},"audienceFraction":1,"variants":[{"weight":1,"value":"control","experimentKey":"AAAA-0002-mn_wk_aa_exp","experimentVariant":"control"},{"weight":1,"value":"variant","experimentKey":"AAAA-0002-mn_wk_aa_exp","experimentVariant":"variant"}]}]}},"tags":["affects-cache"]},{"key":"jet-consumerweb::newPartnerFilter","valueType":"bool","defaultValueRules":[{"restrictions":{"in":["UK","IE","IT","ES","AU"],"property":"Country"},"value":true}]},{"key":"jet-consumerweb::numeric_stepper_basket","valueType":"string","defaultValueRules":[{"restrictions":{"in":["AT","BE","BG","CH","DE","DK","ES","FR","IT","LU","NL","PL","UK","SK","AU","IE"],"property":"Country"},"value":"variation_1"}]},{"key":"jet-consumerweb::numeric_stepper_item_selector","valueType":"string","defaultValueRules":[{"restrictions":{"in":["AT","AU","BE","BG","CH","DE","DK","ES","FR","IE","IT","LU","NL","PL","UK","SK"],"property":"Country"},"value":"variation_1"}]},{"key":"jet-consumerweb::omnibusImprovement","valueType":"bool","defaultValueRules":[{"restrictions":{"eq":"DE","property":"Country"},"value":true}]},{"key":"jet-consumerweb::oneTimePaymentPage","valueType":"bool","defaultValueRules":[{"restrictions":{"and":[{"eq":"UK","property":"Country"},{"eq":"TRUE","property":"IsOneWeb"}]},"value":false}],"evaluationLogic":{"type":"IdHash","detail":{"bucketBy":"AnonUserId","prefix":"otpPurchase-and-membershipsPage","rules":[{"restrictions":{"and":[{"eq":"UK","property":"Country"},{"eq":"TRUE","property":"IsOneWeb"}]},"audienceFraction":1,"variants":[{"weight":1,"value":true}]},{"restrictions":{"eq":"AU","property":"Country"},"audienceFraction":1,"variants":[{"weight":0,"value":false,"experimentKey":"CACT-3557-otpPurchase-and-membershipsPage","experimentVariant":"control"},{"weight":100,"value":true,"experimentKey":"CACT-3557-otpPurchase-and-membershipsPage","experimentVariant":"variant"}]}]}}},{"key":"jet-consumerweb::oneweb_eks_rollout","valueType":"bool","defaultValueRules":[{"restrictions":{"in":["DE","PL","AT","AU","BE","BG","CH","DK","ES","IE","IT","LU","UK","SK","NL"],"property":"Country"},"value":false}],"evaluationLogic":{"type":"IdHash","detail":{"bucketBy":"AnonUserId","prefix":"oneweb_eks_rollout","rules":[{"restrictions":{"eq":"PL","property":"Country"},"audienceFraction":1,"variants":[{"weight":1,"value":true}]},{"restrictions":{"in":["AT","BE","BG","DE","DK","LU","NL","SK","CH"],"property":"Country"},"audienceFraction":1,"variants":[{"weight":1,"value":true}]},{"restrictions":{"in":["AU","IE","ES","IT","UK"],"property":"Country"},"audienceFraction":1,"variants":[{"weight":1,"value":true}]}]}},"tags":["affects-cache"]},{"key":"jet-consumerweb::oneweb_external_routes_rollout","valueType":"bool","defaultValueRules":[{"restrictions":{"and":[{"eq":"PT","property":"Country"},{"eq":"TRUE","property":"IsOneWeb"}]},"value":true},{"restrictions":{"in":["AT","BE","BG","CH","DE","DK","LU","PL","SK"],"property":"Country"},"value":false}],"evaluationLogic":{"type":"IdHash","detail":{"bucketBy":"AnonUserId","prefix":"oneweb_external_routes_rollout","rules":[{"restrictions":{"and":[{"in":["AT","PL","LU","BG","BE","CH","SK","DK","DE","NL"],"property":"Country"},{"eq":"TRUE","property":"IsOneWeb"}]},"audienceFraction":1,"variants":[{"weight":1,"value":true}]}]}},"tags":["affects-cache"]},{"key":"jet-consumerweb::oneWebFeedback","valueType":"bool","defaultValueRules":[{"restrictions":{"in":["IE","UK","ES","IT","AU"],"property":"Country"},"value":true},{"restrictions":{"and":[{"in":["AT","DE","NL","DK","CH","BE","BG","PL","LU"],"property":"Country"},{"eq":"TRUE","property":"IsOneWeb"}]},"value":true},{"restrictions":{"eq":"SK","property":"Country"},"value":true}]},{"key":"jet-consumerweb::oneweb-rollout","valueType":"bool","defaultValueRules":[{"restrictions":{"in":["IE","ES","UK","IT","AU","LU","BG","BE","CH","DK","AT","DE","NL","PL","SK","PT"],"property":"Country"},"value":true}],"tags":["affects-cache"]},{"key":"jet-consumerweb::oneweb-rollout-cookie-expiration-length","valueType":"int","defaultValueRules":[{"restrictions":{"eq":"UK","property":"Country"},"value":360}],"tags":["affects-cache"]},{"key":"jet-consumerweb::optimistic_menu_item_submission","valueType":"bool","defaultValueRules":[{"restrictions":{"in":["IE","UK","AU","ES","IT"],"property":"Country"},"value":true}]},{"key":"jet-consumerweb::order_alcohol_address_warning","valueType":"bool","defaultValueRules":[{"restrictions":{"and":[{"eq":"AU","property":"Country"},{"eq":"TRUE","property":"IsOneWeb"}]},"value":true}]},{"key":"jet-consumerweb::orderConfirmationPageDetailedPaymentMethods","valueType":"bool","defaultValueRules":[{"restrictions":{"in":["IE","UK","ES","IT","AU"],"property":"Country"},"value":true},{"restrictions":{"and":[{"in":["AT","DE","NL","DK","CH","BE","BG","PL","LU","SK"],"property":"Country"},{"eq":"TRUE","property":"IsOneWeb"}]},"value":true}]},{"key":"jet-consumerweb::orderConfirmationPageOrderAgainInOrderTracker","valueType":"bool","defaultValueRules":[{"restrictions":{"in":["UK","IE","ES","IT","AU","AT","DE","NL","DK","CH","BE","BG","PL","LU","SK"],"property":"Country"},"value":true}]},{"key":"jet-consumerweb::orderConfirmationPageReview","valueType":"bool","defaultValueRules":[{"restrictions":{"and":[{"in":["IE","UK","ES","IT","AU","NL","DE","AT","BG","BE","CH","DK","PL","LU","SK"],"property":"Country"},{"eq":"TRUE","property":"IsOneWeb"}]},"value":true}]},{"key":"jet-consumerweb::order_details_collection_qr_code_enabled","valueType":"bool","defaultValueRules":[{"restrictions":{"in":["CH","DE","AU"],"property":"Country"},"value":true}]},{"key":"jet-consumerweb::order_details_delivery_code_enabled","valueType":"bool","defaultValueRules":[{"restrictions":{"in":["UK","IE"],"property":"Country"},"value":true}]},{"key":"jet-consumerweb::order_tracker_eta_countdown_enabled","valueType":"bool","defaultValueRules":[{"restrictions":{"and":[{"in":["AT","DE","NL","DK","CH","BG","PL","LU","BE","SK"],"property":"Country"},{"eq":"TRUE","property":"IsOneWeb"}]},"value":true},{"restrictions":{"and":[{"in":["UK","IE","IT","AU","ES"],"property":"Country"},{"eq":"TRUE","property":"IsOneWeb"}]},"value":true}]},{"key":"jet-consumerweb::order_tracker_features_for_takeaway","valueType":"bool","defaultValueRules":[{"restrictions":{"and":[{"in":["AT","DE","NL","DK","CH","BG","BE","LU","PL","SK"],"property":"Country"},{"eq":"TRUE","property":"IsOneWeb"}]},"value":true},{"restrictions":{"and":[{"in":["UK","AU","IE","ES","IT"],"property":"Country"},{"eq":"TRUE","property":"IsOneWeb"}]},"value":true}]},{"key":"jet-consumerweb::orderTrackerMapRouteDirectionsEnabled","valueType":"bool","defaultValueRules":[{"restrictions":{"and":[{"in":["IT","ES","AT","DE","BE","BG","NL","DK","CH","PL","LU","SK"],"property":"Country"},{"eq":"TRUE","property":"IsOneWeb"}]},"value":true},{"restrictions":{"and":[{"in":["UK","AU","IE"],"property":"Country"},{"eq":"TRUE","property":"IsOneWeb"}]},"value":true}]},{"key":"jet-consumerweb::order_tracker_might_be_trackable_banner","valueType":"bool","defaultValueRules":[{"restrictions":{"in":["NL","AT","DE","CH","DK","BE","BG","PL","SK","LU"],"property":"Country"},"value":true},{"restrictions":{"in":["UK","AU","IE","IT","ES"],"property":"Country"},"value":true}]},{"key":"jet-consumerweb::order_tracker_trackable_banner","valueType":"bool","defaultValueRules":[{"restrictions":{"in":["AU","ES","IE","IT","UK"],"property":"Country"},"value":false}]},{"key":"jet-consumerweb::partnerWithUs","valueType":"bool","defaultValueRules":[{"restrictions":{"in":["IE","AT","AU","BE","BG","CH","DE","DK","ES","FR","IT","LU","NL","PL","UK","SK"],"property":"Country"},"value":true}]},{"key":"jet-consumerweb::past_order_details_page","valueType":"string","defaultValueRules":[{"restrictions":{"in":["IE","IT","UK","ES","AU"],"property":"Country"},"value":"variation_1"},{"restrictions":{"and":[{"in":["AT","DE","NL","DK","CH","LU","BE","BG","PL","SK"],"property":"Country"},{"eq":"TRUE","property":"IsOneWeb"}]},"value":"variation_1"}]},{"key":"jet-consumerweb::paypal_fraudnet_enabled","valueType":"bool","defaultValueRules":[{"restrictions":{"in":["BE","CH","DK","FR","LU","PL","NL","AT","DE"],"property":"Country"},"value":true},{"restrictions":{"in":["NL","DE","BE","AT","CH","DK","FR","LU","BG","NO","PL"],"property":"Country"},"value":false}]},{"key":"jet-consumerweb::personalInfoPage","valueType":"bool","defaultValueRules":[{"restrictions":{"in":["AT","AU","BE","BG","CA","CH","DE","DK","ES","FR","IE","IL","IT","LU","NL","NO","NZ","PL","UK","SK"],"property":"Country"},"value":true}]},{"key":"jet-consumerweb::pharmacyConsent","valueType":"bool","defaultValueRules":[{"restrictions":{"in":["DE","UK","LU","IE","NL","BG","DK","FR","AT","AU","BE","CA","CH","IL","IT","NO","NZ","PL","PT","SK"],"property":"Country"},"value":false}],"evaluationLogic":{"type":"IdHash","detail":{"bucketBy":"AnonUserId","prefix":"pharmacyConsent","rules":[{"restrictions":{"in":["UK","DE","IE","AT","BE","BG","DK","FR","IT","LU","NL","PL","ES"],"property":"Country"},"audienceFraction":1,"variants":[{"weight":1,"value":true}]}]}}},{"key":"jet-consumerweb::pharmacy_consent_with_contact_details","valueType":"bool","defaultValueRules":[{"restrictions":{"and":[{"eq":"DE","property":"Country"},{"eq":"FALSE","property":"IsOneWeb"}]},"value":true}],"tags":["affects-cache"]},{"key":"jet-consumerweb::pharmacyLogo","valueType":"bool","defaultValueRules":[{"restrictions":{"and":[{"in":["DE","AT","NL","PL","BG","BE","DK","ES","IE","IT","LU","SK"],"property":"Country"},{"eq":"TRUE","property":"IsOneWeb"}]},"value":true}]},{"key":"jet-consumerweb::pieCookieBanner","valueType":"bool","defaultValueRules":[{"restrictions":{"in":["DK","IE","ES","IT","UK","FR","AU","AT","DE","BE","BG","CH","LU","NL","PL","SK"],"property":"Country"},"value":true}]},{"key":"jet-consumerweb::pooled_order_substatus_enabled","valueType":"bool","defaultValueRules":[{"restrictions":{"in":["ES","IT","AT","DE","NL","DK","CH","BE","BG","PL","LU"],"property":"Country"},"value":true},{"restrictions":{"and":[{"in":["UK","AU","IE","SK"],"property":"Country"},{"eq":"TRUE","property":"IsOneWeb"}]},"value":true}]},{"key":"jet-consumerweb::pooled_order_waypoints_enabled","valueType":"bool","defaultValueRules":[{"restrictions":{"in":["IT","ES","AT","DE","NL","DK","CH","PL","LU","BE","BG"],"property":"Country"},"value":true},{"restrictions":{"and":[{"in":["UK","IE","AU","SK"],"property":"Country"},{"eq":"TRUE","property":"IsOneWeb"}]},"value":true}]},{"key":"jet-consumerweb::post_delivery_customer_courier_chat_enabled","valueType":"bool","defaultValueRules":[{"restrictions":{"eq":"AU","property":"Country"},"value":false}],"evaluationLogic":{"type":"IdHash","detail":{"bucketBy":"AnonUserId","prefix":"ex_post_delivery_customer_courier_chat_enabled","rules":[{"restrictions":{"eq":"AU","property":"Country"},"audienceFraction":0.5,"variants":[{"weight":1,"value":false,"experimentKey":"CCINT-305-ex_post_delivery_customer_courier_chat_enabled","experimentVariant":"control"},{"weight":1,"value":true,"experimentKey":"CCINT-305-ex_post_delivery_customer_courier_chat_enabled","experimentVariant":"variant"}]}]}}},{"key":"jet-consumerweb::postingReviewFromOrderPage","valueType":"bool","defaultValueRules":[{"restrictions":{"in":["IE","UK","ES","IT","AU"],"property":"Country"},"value":true},{"restrictions":{"and":[{"in":["AT","DE","NL","DK","CH","BE","LU","PL","BG","SK"],"property":"Country"},{"eq":"TRUE","property":"IsOneWeb"}]},"value":true}]},{"key":"jet-consumerweb::preOrderOrOfflineAvailabilityInfo","valueType":"bool","defaultValueRules":[{"restrictions":{"in":["IE","UK","ES","IT","AU"],"property":"Country"},"value":true},{"restrictions":{"and":[{"eq":"AT","property":"Country"},{"eq":"TRUE","property":"IsOneWeb"}]},"value":true}]},{"key":"jet-consumerweb::preventAnonymousReview","valueType":"bool","defaultValueRules":[{"restrictions":{"in":["AT","BE","BG","FR","SK"],"property":"Country"},"value":true}]},{"key":"jet-consumerweb::radialQueryCollection","valueType":"string","defaultValueRules":[{"restrictions":{"in":["UK","IE","ES","IT","AU"],"property":"Country"},"value":"variation_1"}]},{"key":"jet-consumerweb::receiptDepositReturnScheme","valueType":"bool","defaultValueRules":[{"restrictions":{"and":[{"in":["IE","SK","DE","AT"],"property":"Country"},{"eq":"TRUE","property":"IsOneWeb"}]},"value":true},{"restrictions":{"eq":"UK","property":"Country"},"value":false}]},{"key":"jet-consumerweb::recentlySelectedLocationsLocalStorage","valueType":"bool","defaultValueRules":[{"restrictions":{"and":[{"in":["AT","BE","BG","CH","DK","ES","IE","IT","LU","NO","SK","AU","NL","DE","PL","UK"],"property":"Country"},{"eq":"TRUE","property":"IsOneWeb"}]},"value":true}]},{"key":"jet-consumerweb::redirectToAuthBeforeCheckout","valueType":"string","defaultValueRules":[{"restrictions":{"eq":"UK","property":"Country"},"value":"reserve"}],"evaluationLogic":{"type":"IdHash","detail":{"bucketBy":"AnonUserId","prefix":"redirectToAuthBeforeCheckout_20241014","rules":[{"restrictions":{"eq":"UK","property":"Country"},"audienceFraction":1,"variants":[{"weight":1,"value":"control","experimentKey":"CAW-394-redirectToAuthBeforeCheckout","experimentVariant":"control"},{"weight":1,"value":"variation_1","experimentKey":"CAW-394-redirectToAuthBeforeCheckout","experimentVariant":"variant"}]}]}}},{"key":"jet-consumerweb::redirectToTestLocation","valueType":"bool","defaultValueRules":[{"restrictions":{"in":["AT","BE","BG","CH","DE","DK","FR","PL","NO","LU","NL","SK"],"property":"Country"},"value":true}]},{"key":"jet-consumerweb::reduxDevtools","valueType":"bool","defaultValueRules":[{"restrictions":{"in":["AT","AU","BE","BG","CA","CH","DE","DK","ES","FR","IE","IL","IT","LU","NL","NO","NZ","PL","UK","SK"],"property":"Country"},"value":false}]},{"key":"jet-consumerweb::removeGeoCoordinatesFromUrl","valueType":"bool","defaultValueRules":[{"restrictions":{"in":["AT","BE","BG","CH","DE","DK","FR","IE","LU","NL","NO","PL","SK"],"property":"Country"},"value":true}]},{"key":"jet-consumerweb::replacementForPriceGuaranteeHighlight","valueType":"bool","defaultValueRules":[{"restrictions":{"eq":"CH","property":"Country"},"value":true}]},{"key":"jet-consumerweb::restaurant_snowplow_event_tracking_enabled","valueType":"bool","defaultValueRules":[{"restrictions":{"in":["IE","UK","AT","AU","BE","BG","CA","CH","DE","DK","ES","FR","IL","IT","LU","NL","NO","PL","PT","SK"],"property":"Country"},"value":true}]},{"key":"jet-consumerweb::RestrictionProviders-test","valueType":"bool","defaultValueRules":[{"restrictions":{"and":[{"eq":"DE","property":"Country"},{"eq":"TRUE","property":"IsOneWeb"}]},"value":true}],"tags":["affects-cache"]},{"key":"jet-consumerweb::rewards_checkout_delivery_options_membership_extension_enabled","valueType":"bool","defaultValueRules":[{"restrictions":{"eq":"UK","property":"Country"},"value":true}]},{"key":"jet-consumerweb::rewards_checkout_delivery_options_one_time_purchase_enabled","valueType":"bool","defaultValueRules":[{"restrictions":{"and":[{"eq":"UK","property":"Country"},{"eq":"TRUE","property":"IsOneWeb"}]},"value":false}],"evaluationLogic":{"type":"IdHash","detail":{"bucketBy":"AnonUserId","prefix":"otpPurchase-and-membershipsPage","rules":[{"restrictions":{"and":[{"eq":"UK","property":"Country"},{"eq":"TRUE","property":"IsOneWeb"}]},"audienceFraction":1,"variants":[{"weight":1,"value":true}]},{"restrictions":{"eq":"AU","property":"Country"},"audienceFraction":1,"variants":[{"weight":0,"value":false,"experimentKey":"CACT-3557-otpPurchase-and-membershipsPage","experimentVariant":"control"},{"weight":100,"value":true,"experimentKey":"CACT-3557-otpPurchase-and-membershipsPage","experimentVariant":"variant"}]}]}}},{"key":"jet-consumerweb::rewards_checkout_delivery_options_voucher_compatibility_enabled","valueType":"bool","defaultValueRules":[{"restrictions":{"and":[{"in":["UK","ES","DE","AT","AU"],"property":"Country"},{"eq":"TRUE","property":"IsOneWeb"}]},"value":true},{"restrictions":{"in":["AT","AU","BE","BG","CA","CH","DE","DK","ES","FR","IE","IL","IT","LU","NL","NO","NZ","PL","UK","PT","SK"],"property":"Country"},"value":false}]},{"key":"jet-consumerweb::rewardsPage","valueType":"bool","defaultValueRules":[{"restrictions":{"in":["AU","UK","IE","ES","IT","CH","DK"],"property":"Country"},"value":true}]},{"key":"jet-consumerweb::rewards_plus_checkout_delivery_options_enabled","valueType":"bool","defaultValueRules":[{"restrictions":{"in":["ES","DE","AT"],"property":"Country"},"value":true},{"restrictions":{"eq":"AU","property":"Country"},"value":true},{"restrictions":{"eq":"UK","property":"Country"},"value":true}]},{"key":"jet-consumerweb::rl_aa_exp","valueType":"string","defaultValueRules":[{"restrictions":{"in":["UK","ES","IE","IT","AU"],"property":"Country"},"value":"reserve"}],"evaluationLogic":{"type":"IdHash","detail":{"bucketBy":"AnonUserId","prefix":"rl_aa_exp_20250520","rules":[{"restrictions":{"in":["UK","ES","IE","IT","AU"],"property":"Country"},"audienceFraction":1,"variants":[{"weight":1,"value":"control","experimentKey":"SFR-6360-rl_aa_exp","experimentVariant":"control"},{"weight":1,"value":"variant","experimentKey":"SFR-6360-rl_aa_exp","experimentVariant":"variant"}]},{"restrictions":{"in":["AT","BE","BG","CH","DE","DK","FR","LU","PL","NL"],"property":"Country"},"audienceFraction":1,"variants":[{"weight":1,"value":"control","experimentKey":"SFR-6360-rl_aa_exp","experimentVariant":"control"},{"weight":1,"value":"variant","experimentKey":"SFR-6360-rl_aa_exp","experimentVariant":"variant"}]}]}}},{"key":"jet-consumerweb::rl_braze_multi_card_snowplow","valueType":"bool","defaultValueRules":[{"restrictions":{"in":["ES","IT","UK","IE"],"property":"Country"},"value":true}]},{"key":"jet-consumerweb::rl_braze_ssr_timeout","valueType":"int","defaultValueRules":[{"restrictions":{"in":["UK","IT","ES","IE","AU"],"property":"Country"},"value":550},{"restrictions":{"and":[{"in":["AT","BE","BG","CH","DE","DK","LU","NL","PL","SK","FR"],"property":"Country"},{"eq":"TRUE","property":"IsOneWeb"}]},"value":550}]},{"key":"jet-consumerweb::rl_compact_carousel_card_enabled","valueType":"bool","defaultValueRules":[{"restrictions":{"in":["AT","AU","BE","BG","CH","DE","DK","ES","FR","IL","IE","IT","LU","PL","UK","SK"],"property":"Country"},"value":true}]},{"key":"jet-consumerweb::rl_drs_price_with_deposit","valueType":"bool","defaultValueRules":[{"restrictions":{"in":["AU","ES","IE","IT","UK"],"property":"Country"},"value":false},{"restrictions":{"in":["AT","BE","CH","DE","DK","LU","NL"],"property":"Country"},"value":false}],"evaluationLogic":{"type":"IdHash","detail":{"bucketBy":"AnonUserId","prefix":"rl_drs_price_with_deposit","rules":[{"restrictions":{"in":["AU","ES","IE","IT","UK"],"property":"Country"},"audienceFraction":1,"variants":[{"weight":1,"value":true}]},{"restrictions":{"in":["AT","BE","CH","DE","DK","LU","NL","PL","BG"],"property":"Country"},"audienceFraction":1,"variants":[{"weight":1,"value":true}]}]}}},{"key":"jet-consumerweb::rl_enhanced_recent_search","valueType":"bool","defaultValueRules":[{"restrictions":{"in":["AT","AU","BE","BG","CH","DE","DK","ES","IE","IT","LU","NL","PL","UK","SK"],"property":"Country"},"value":false}]},{"key":"jet-consumerweb::rl_enhanced_text_search_card","valueType":"string","defaultValueRules":[{"restrictions":{"in":["AU","ES","IT","LU","IE","UK","AT","BE","BG","CH","DE","DK","NL","PL","SK"],"property":"Country"},"value":"reserve"}],"evaluationLogic":{"type":"IdHash","detail":{"bucketBy":"AnonUserId","prefix":"rl_enhanced_text_search_card","rules":[{"restrictions":{"in":["AU","ES","IE","IT","LU","UK","AT","BE","BG","CH","DE","DK","NL","PL","SK"],"property":"Country"},"audienceFraction":1,"variants":[{"weight":0,"value":"control","experimentKey":"SFR-6770-rl_enhanced_text_search_card","experimentVariant":"control"},{"weight":1,"value":"variation_1","experimentKey":"SFR-6770-rl_enhanced_text_search_card","experimentVariant":"variant"},{"weight":0,"value":"variation_2","experimentKey":"SFR-6770-rl_enhanced_text_search_card","experimentVariant":"variant2"}]}]}}},{"key":"jet-consumerweb::rl_filtered_carousels","valueType":"bool","defaultValueRules":[{"restrictions":{"eq":"UK","property":"Country"},"value":false}],"tags":["affects-cache"]},{"key":"jet-consumerweb::rl_filter-shortcuts","valueType":"string","defaultValueRules":[{"restrictions":{"in":["AU","IE","IT","ES","UK"],"property":"Country"},"value":"reserve"}],"evaluationLogic":{"type":"IdHash","detail":{"bucketBy":"AnonUserId","prefix":"rl_filter-shortcuts","rules":[{"restrictions":{"in":["AU","ES","IE","IT","UK"],"property":"Country"},"audienceFraction":1,"variants":[{"weight":0,"value":"control","experimentKey":"SFR-6161-rl_filter-shortcuts","experimentVariant":"control"},{"weight":0,"value":"variation_1","experimentKey":"SFR-6161-rl_filter-shortcuts","experimentVariant":"variant"},{"weight":1,"value":"variation_2","experimentKey":"SFR-6161-rl_filter-shortcuts","experimentVariant":"variant2"}]},{"restrictions":{"and":[{"in":["AT","BE","CH","DE","DK","LU","NL","PL","BG","SK"],"property":"Country"},{"eq":"TRUE","property":"IsOneWeb"}]},"audienceFraction":1,"variants":[{"weight":0,"value":"control","experimentKey":"SFR-6161-rl_filter-shortcuts","experimentVariant":"control"},{"weight":0,"value":"variation_1","experimentKey":"SFR-6161-rl_filter-shortcuts","experimentVariant":"variant"},{"weight":1,"value":"variation_2","experimentKey":"SFR-6161-rl_filter-shortcuts","experimentVariant":"variant2"}]}]}}},{"key":"jet-consumerweb::rl_filter_shortcuts_in_text_search_enabled","valueType":"bool","defaultValueRules":[{"restrictions":{"in":["AT","AU","BE","BG","CH","DE","DK","ES","IE","IT","LU","NL","PL","UK","SK"],"property":"Country"},"value":false}],"evaluationLogic":{"type":"IdHash","detail":{"bucketBy":"AnonUserId","prefix":"rl_filter_shortcuts_in_text_search_enabled","rules":[{"restrictions":{"in":["AT","AU","BE","BG","CH","DE","DK","ES","IE","IT","LU","NL","PL","UK","SK"],"property":"Country"},"audienceFraction":0,"variants":[{"weight":1,"value":false,"experimentKey":"SFR-7112-rl_filter_shortcuts_in_text_search_enabled","experimentVariant":"control"},{"weight":1,"value":true,"experimentKey":"SFR-7112-rl_filter_shortcuts_in_text_search_enabled","experimentVariant":"variant"}]}]}}},{"key":"jet-consumerweb::rl_filter_shortcuts_tooltip","valueType":"bool","defaultValueRules":[{"restrictions":{"in":["AU","IE","IT","UK","ES"],"property":"Country"},"value":false},{"restrictions":{"in":["AT","BE","CH","DE","DK","LU","NL","PL","BG"],"property":"Country"},"value":false}]},{"key":"jet-consumerweb::rl_jet_plus","valueType":"bool","defaultValueRules":[{"restrictions":{"in":["AT","AU","BE","BG","CH","DE","DK","ES","IE","IT","LU","NL","PL","UK","SK"],"property":"Country"},"value":false}],"tags":["affects-cache"]},{"key":"jet-consumerweb::rl_log_braze_response","valueType":"bool","defaultValueRules":[{"restrictions":{"in":["UK","DE"],"property":"Country"},"value":false}],"tags":["affects-cache"]},{"key":"jet-consumerweb::rl_multi_card_sdui_enabled","valueType":"bool","defaultValueRules":[{"restrictions":{"in":["UK","DE"],"property":"Country"},"value":false}]},{"key":"jet-consumerweb::rl_nestedDishesExp","valueType":"string","defaultValueRules":[{"restrictions":{"in":["UK","IT","ES","AU","IE"],"property":"Country"},"value":"variation_1"}]},{"key":"jet-consumerweb::rl_new_partner_card_exp","valueType":"string","defaultValueRules":[{"restrictions":{"in":["UK","IE","ES","IT","AU"],"property":"Country"},"value":"variation_1"},{"restrictions":{"in":["AT","BE","BG","CH","DE","DK","FR","LU","PL","NL","SK"],"property":"Country"},"value":"variation_1"}]},{"key":"jet-consumerweb::rl_offer_placement_ammendments","valueType":"string","defaultValueRules":[{"restrictions":{"in":["UK","IE","ES","IT","AU"],"property":"Country"},"value":"variation_2"},{"restrictions":{"and":[{"in":["AT","BE","BG","CH","DE","DK","FR","LU","PL","NL","SK"],"property":"Country"},{"eq":"TRUE","property":"IsOneWeb"}]},"value":"variation_2"}],"tags":["affects-cache"]},{"key":"jet-consumerweb::rl_persist_filters_on_search","valueType":"string","defaultValueRules":[{"restrictions":{"in":["ES","IE","IT","AU","UK"],"property":"Country"},"value":"reserve"}],"evaluationLogic":{"type":"IdHash","detail":{"bucketBy":"AnonUserId","prefix":"rl_persist_filters_on_search","rules":[{"restrictions":{"in":["AU","ES","IE","IT","UK","AT","BE","BG","CH","DE","DK","LU","NL","PL","SK"],"property":"Country"},"audienceFraction":1,"variants":[{"weight":1,"value":"control","experimentKey":"SFR-6586-rl_persist_filters_on_search","experimentVariant":"control"},{"weight":1,"value":"variation_1","experimentKey":"SFR-6586-rl_persist_filters_on_search","experimentVariant":"variant"}]}]}}},{"key":"jet-consumerweb::rl_pinned_carousels","valueType":"bool","defaultValueRules":[{"restrictions":{"in":["UK","IE","ES","IT","AU"],"property":"Country"},"value":true}]},{"key":"jet-consumerweb::rl_reduce_data_for_search_card","valueType":"string","defaultValueRules":[{"restrictions":{"in":["AT","AU","BE","BG","CH","DE","DK","ES","IE","IT","LU","NL","PL","UK","SK"],"property":"Country"},"value":"reserve"}]},{"key":"jet-consumerweb::rl_remove_spa_to_menu","valueType":"string","defaultValueRules":[{"restrictions":{"in":["UK","AU","IT","ES"],"property":"Country"},"value":"variation_1"},{"restrictions":{"and":[{"in":["AT","BE","BG","CH","DE","DK","FR","LU","PL","NL","SK"],"property":"Country"},{"eq":"TRUE","property":"IsOneWeb"}]},"value":"variation_1"}]},{"key":"jet-consumerweb::rl_re_order_carousel","valueType":"bool","defaultValueRules":[{"restrictions":{"in":["UK","IE","ES","IT","AU"],"property":"Country"},"value":true}]},{"key":"jet-consumerweb::rl_re_order_query_param","valueType":"bool","defaultValueRules":[{"restrictions":{"in":["UK","IE","ES","IT","AU"],"property":"Country"},"value":true},{"restrictions":{"and":[{"in":["AT","DE","BE","BG","CH","DK","FR","LU","PL","NL","SK"],"property":"Country"},{"eq":"TRUE","property":"IsOneWeb"}]},"value":true}]},{"key":"jet-consumerweb::rl_selectedCuisinesVisibilityExp","valueType":"string","defaultValueRules":[{"restrictions":{"in":["UK","IE","ES","AU","IT"],"property":"Country"},"value":"control"}]},{"key":"jet-consumerweb::rl_serp_minimise_carousel_datapoints_enabled","valueType":"string","defaultValueRules":[{"restrictions":{"in":["AT","AU","BE","BG","CA","CH","DE","DK","ES","FR","IE","IT","LU","NL","NO","NZ","PL","UK","PT","SK"],"property":"Country"},"value":"reserve"}],"evaluationLogic":{"type":"IdHash","detail":{"bucketBy":"AnonUserId","prefix":"rl_serp_minimise_carousel_datapoints_enabled","rules":[{"restrictions":{"in":["AT","AU","BE","BG","CH","DE","DK","ES","FR","IE","IT","LU","NL","PL","UK"],"property":"Country"},"audienceFraction":1,"variants":[{"weight":1,"value":"variation_1"}]}]}},"tags":["affects-cache"]},{"key":"jet-consumerweb::rl_snowplow_impressions","valueType":"bool","defaultValueRules":[{"restrictions":{"in":["UK","IE","ES","IT","AU"],"property":"Country"},"value":true},{"restrictions":{"and":[{"in":["AT","DE","BE","BG","CH","DK","FR","LU","PL","NL","SK"],"property":"Country"},{"eq":"TRUE","property":"IsOneWeb"}]},"value":true}]},{"key":"jet-consumerweb::rl-snowplowtracking","valueType":"bool","defaultValueRules":[{"restrictions":{"in":["IE","UK","ES","IT","AU"],"property":"Country"},"value":true},{"restrictions":{"and":[{"in":["AT","BE","BG","CH","DE","DK","FR","LU","PL","NL","SK"],"property":"Country"},{"eq":"TRUE","property":"IsOneWeb"}]},"value":true}]},{"key":"jet-consumerweb::rl_ssr_phase_two","valueType":"bool","defaultValueRules":[{"restrictions":{"in":["UK","IE","AU","ES","IT"],"property":"Country"},"value":false},{"restrictions":{"and":[{"in":["DE","BG","DK","AT","NL","BE"],"property":"Country"},{"eq":"TRUE","property":"IsOneWeb"}]},"value":false}],"evaluationLogic":{"type":"IdHash","detail":{"bucketBy":"AnonUserId","prefix":"rl_ssr_phase_two_20250324","rules":[{"restrictions":{"in":["UK","IE","IT","ES","AU"],"property":"Country"},"audienceFraction":1,"variants":[{"weight":1,"value":false,"experimentKey":"SDISCO-2672-rl_ssr_phase_two","experimentVariant":"control"},{"weight":1,"value":true,"experimentKey":"SDISCO-2672-rl_ssr_phase_two","experimentVariant":"variant"}]},{"restrictions":{"and":[{"in":["AT","DE","BE","BG","DK","NL","SK"],"property":"Country"},{"eq":"TRUE","property":"IsOneWeb"}]},"audienceFraction":1,"variants":[{"weight":1,"value":false,"experimentKey":"SDISCO-2672-rl_ssr_phase_two","experimentVariant":"control"},{"weight":1,"value":true,"experimentKey":"SDISCO-2672-rl_ssr_phase_two","experimentVariant":"variant"}]}]}},"tags":["affects-cache"]},{"key":"jet-consumerweb::rl_structured_list_data","valueType":"bool","defaultValueRules":[{"restrictions":{"eq":"IE","property":"Country"},"value":true}],"tags":["affects-cache"]},{"key":"jet-consumerweb::rl_test_disable_braze_auth_restore","valueType":"bool","defaultValueRules":[{"restrictions":{"and":[{"in":["AT","BE","BG","CH","DE","DK","LU","NL","PL","SK","FR"],"property":"Country"},{"eq":"TRUE","property":"IsOneWeb"}]},"value":true}]},{"key":"jet-consumerweb::rl_test_disable_client_auth_if_restored","valueType":"bool","defaultValueRules":[{"restrictions":{"and":[{"eq":"DE","property":"Country"},{"eq":"TRUE","property":"IsOneWeb"}]},"value":false}]},{"key":"jet-consumerweb::rl_use_internal_plapi_endpoints","valueType":"string","defaultValueRules":[{"restrictions":{"in":["UK","ES","IT","IE"],"property":"Country"},"value":"variation_1"},{"restrictions":{"and":[{"in":["AT","DE","BE","BG","CH","DK","FR","LU","PL","NL","SK"],"property":"Country"},{"eq":"TRUE","property":"IsOneWeb"}]},"value":"variation_1"}],"tags":["affects-cache"]},{"key":"jet-consumerweb::rl_v3_phase_one","valueType":"bool","defaultValueRules":[{"restrictions":{"in":["UK","ES","IT","IE","AU"],"property":"Country"},"value":true},{"restrictions":{"and":[{"in":["AT","BE","BG","CH","DE","DK","FR","LU","PL","NL","SK"],"property":"Country"},{"eq":"TRUE","property":"IsOneWeb"}]},"value":true}]},{"key":"jet-consumerweb::rl_v3_phase_three","valueType":"bool","defaultValueRules":[{"restrictions":{"in":["UK","ES","IT","IE","AU"],"property":"Country"},"value":true},{"restrictions":{"and":[{"in":["AT","BE","BG","CH","DE","DK","FR","LU","PL","NL","SK"],"property":"Country"},{"eq":"TRUE","property":"IsOneWeb"}]},"value":true}],"tags":["affects-cache"]},{"key":"jet-consumerweb::rl_wk_aa_exp","valueType":"string","defaultValueRules":[{"restrictions":{"in":["IE","UK","ES","AU","IT"],"property":"Country"},"value":"reserve"}],"evaluationLogic":{"type":"IdHash","detail":{"bucketBy":"AnonUserId","prefix":"rl_wk_aa_exp_20250520","rules":[{"restrictions":{"in":["UK","IE","ES","IT","AU"],"property":"Country"},"audienceFraction":1,"variants":[{"weight":1,"value":"control","experimentKey":"AAAA-0001-rl_wk_aa_exp","experimentVariant":"control"},{"weight":1,"value":"variant","experimentKey":"AAAA-0001-rl_wk_aa_exp","experimentVariant":"variant"}]}]}},"tags":["affects-cache"]},{"key":"jet-consumerweb::rokt_ads_enabled","valueType":"bool","defaultValueRules":[{"restrictions":{"in":["BE","UK","AU","DE","NL","DK","IE","ES"],"property":"Country"},"value":true}]},{"key":"jet-consumerweb::rum_replay_sample_rate","valueType":"int","defaultValueRules":[{"restrictions":{"eq":"UK","property":"Country"},"value":2},{"restrictions":{"eq":"DE","property":"Country"},"value":10},{"restrictions":{"in":["NL","IE"],"property":"Country"},"value":30},{"restrictions":{"eq":"PL","property":"Country"},"value":50},{"restrictions":{"eq":"AU","property":"Country"},"value":100}]},{"key":"jet-consumerweb::rum_sample_rate","valueType":"int","defaultValueRules":[{"restrictions":{"eq":"UK","property":"Country"},"value":15},{"restrictions":{"eq":"DE","property":"Country"},"value":10},{"restrictions":{"eq":"NL","property":"Country"},"value":30},{"restrictions":{"eq":"PL","property":"Country"},"value":20},{"restrictions":{"in":["BE","LU"],"property":"Country"},"value":50}]},{"key":"jet-consumerweb::searchAutocomplete","valueType":"bool","defaultValueRules":[{"restrictions":{"in":["UK","ES","IT","IE","AU"],"property":"Country"},"value":true},{"restrictions":{"and":[{"in":["AT","BE","BG","CH","DE","DK","FR","LU","PL","NL","SK"],"property":"Country"},{"eq":"TRUE","property":"IsOneWeb"}]},"value":true}]},{"key":"jet-consumerweb::searchDropdownFix","valueType":"bool","defaultValueRules":[{"restrictions":{"in":["UK","ES","IT","IE"],"property":"Country"},"value":true},{"restrictions":{"in":["AT","BE","BG","CH","DE","DK","FR","LU","NL","PL","SK"],"property":"Country"},"value":true}]},{"key":"jet-consumerweb::search_hints","valueType":"string","defaultValueRules":[{"restrictions":{"in":["UK","AT","AU","BE","BG","CA","CH","DE","DK","ES","FR","IE","IL","IT","LU","NL","NO","NZ","PL","PT","SK"],"property":"Country"},"value":"variation_3"}],"tags":["affects-cache"]},{"key":"jet-consumerweb::searchToTop","valueType":"string","defaultValueRules":[{"restrictions":{"in":["UK","IE","IT","ES","AU"],"property":"Country"},"value":"variation_1"},{"restrictions":{"in":["AT","BE","BG","DE","DK","FR","LU","NL","PL","CH","SK"],"property":"Country"},"value":"variation_1"}],"evaluationLogic":{"type":"IdHash","detail":{"bucketBy":"AnonUserId","prefix":"searchToTop","rules":[{"restrictions":{"in":["AT","BE","BG","CH","DE","DK","FR","LU","NL","PL"],"property":"Country"},"audienceFraction":1,"variants":[{"weight":0,"value":"control","experimentKey":"CW-5592-searchToTop","experimentVariant":"control"},{"weight":1,"value":"variation_1","experimentKey":"CW-5592-searchToTop","experimentVariant":"variation_1"}]},{"restrictions":{"in":["UK","IE","IT","ES"],"property":"Country"},"audienceFraction":1,"variants":[{"weight":0,"value":"control","experimentKey":"CW-5592-searchToTop","experimentVariant":"control"},{"weight":1,"value":"variation_1","experimentKey":"CW-5592-searchToTop","experimentVariant":"variation_1"}]}]}},"tags":["affects-cache"]},{"key":"jet-consumerweb::serviceChargeAdditionalInfo","valueType":"bool","defaultValueRules":[{"restrictions":{"in":["AT","BE","BG","DE","DK","FR","IE","LU","NL","NO","PL","UK","ES","IT","AU","SK","CA"],"property":"Country"},"value":true}]},{"key":"jet-consumerweb::serviceFeeVisibleInHeader","valueType":"string","defaultValueRules":[{"restrictions":{"in":["BG","SK"],"property":"Country"},"value":"reverse"}],"evaluationLogic":{"type":"IdHash","detail":{"bucketBy":"AnonUserId","prefix":"service_fee_header_bg","rules":[{"restrictions":{"eq":"BG","property":"Country"},"audienceFraction":1,"variants":[{"weight":1,"value":"control","experimentKey":"MENUVS-3193-service_fee_header_bg","experimentVariant":"control"},{"weight":1,"value":"variation_1","experimentKey":"MENUVS-3193-service_fee_header_bg","experimentVariant":"variation_1"}]}]}}},{"key":"jet-consumerweb::sessionReplayRUM","valueType":"bool","defaultValueRules":[{"restrictions":{"eq":"IE","property":"Country"},"value":true}]},{"key":"jet-consumerweb::shippingTypeSwitcherInCart","valueType":"bool","defaultValueRules":[{"restrictions":{"in":["AU","ES","UK","IE","IT","NZ","AT","BE","BG","CA","CH","DE","DK","FR","IL","LU","NL","NO","PL","PT","SK"],"property":"Country"},"value":true}]},{"key":"jet-consumerweb::showGroceries","valueType":"bool","defaultValueRules":[{"restrictions":{"in":["AT","BE","BG","CH","DE","DK","FR","LU","NL","PL","SK"],"property":"Country"},"value":true}]},{"key":"jet-consumerweb::show_subtotal_on_checkout_button","valueType":"bool","defaultValueRules":[{"restrictions":{"in":["UK","ES","AU","IT","IE"],"property":"Country"},"value":true}]},{"key":"jet-consumerweb::signInRequiredForCheckout","valueType":"bool","defaultValueRules":[{"restrictions":{"in":["IE","NZ","AU","ES","IT"],"property":"Country"},"value":true}]},{"key":"jet-consumerweb::skipPostalCodeValidation","valueType":"bool","defaultValueRules":[{"restrictions":{"in":["IE","UK","AU","NZ","ES","IT"],"property":"Country"},"value":true}]},{"key":"jet-consumerweb::sodexoPaymentMethod","valueType":"bool","defaultValueRules":[{"restrictions":{"eq":"BE","property":"Country"},"value":true}]},{"key":"jet-consumerweb::sovendus_ads_enabled","valueType":"bool","defaultValueRules":[{"restrictions":{"in":["AT","DE"],"property":"Country"},"value":true}]},{"key":"jet-consumerweb::speedcurve-rum","valueType":"bool","defaultValueRules":[{"restrictions":{"eq":"IE","property":"Country"},"value":true}]},{"key":"jet-consumerweb::storefront_alternative_restricted_items_info_modal_enabled","valueType":"bool","defaultValueRules":[{"restrictions":{"and":[{"in":["PL","DK"],"property":"Country"},{"eq":"TRUE","property":"IsOneWeb"}]},"value":true},{"restrictions":{"and":[{"in":["NL","AT","BE","BG","CH","DE","ES","FR","IE","IT","LU","UK","SK"],"property":"Country"},{"eq":"TRUE","property":"IsOneWeb"}]},"value":true}],"tags":["affects-cache"]},{"key":"jet-consumerweb::storefront_alternative_restricted_items_info_modal_with_different_translation_enabled","valueType":"bool","defaultValueRules":[{"restrictions":{"and":[{"eq":"DK","property":"Country"},{"eq":"TRUE","property":"IsOneWeb"}]},"value":true}],"tags":["affects-cache"]},{"key":"jet-consumerweb::storefront_alternative_restricted_items_info_modal_with_disclaimer_enabled","valueType":"bool","defaultValueRules":[{"restrictions":{"and":[{"eq":"PL","property":"Country"},{"eq":"TRUE","property":"IsOneWeb"}]},"value":true}],"tags":["affects-cache"]},{"key":"jet-consumerweb::svs_home_to_serp","valueType":"bool","defaultValueRules":[{"restrictions":{"in":["UK","ES","IE","IT","AU"],"property":"Country"},"value":true},{"restrictions":{"in":["AT","BE","BG","CH","DE","DK","LU","PL","NL"],"property":"Country"},"value":true}],"tags":["affects-cache"]},{"key":"jet-consumerweb::temporaryOfflineShippingTypes","valueType":"bool","defaultValueRules":[{"restrictions":{"and":[{"in":["IE","UK","AU","IT","ES","AT","BE","BG","CA","CH","DE","DK","LU","NL","PL","SK"],"property":"Country"},{"eq":"TRUE","property":"IsOneWeb"}]},"value":true}]},{"key":"jet-consumerweb::thirtyDayRetentionRLLoad","valueType":"bool","defaultValueRules":[{"restrictions":{"eq":"UK","property":"Country"},"value":true}]},{"key":"jet-consumerweb::tippingEnabled","valueType":"bool","defaultValueRules":[{"restrictions":{"and":[{"in":["UK","AU","DE","NL","CH","DK","BE","PL","BG","IE"],"property":"Country"},{"eq":"TRUE","property":"IsOneWeb"}]},"value":true}]},{"key":"jet-consumerweb::tmp_lazy_load_textsearch_results","valueType":"bool","defaultValueRules":[{"restrictions":{"in":["IE","UK","ES","IT","AU"],"property":"Country"},"value":true}]},{"key":"jet-consumerweb::tmp_textsearch_auto_dish_tab","valueType":"bool","defaultValueRules":[{"restrictions":{"in":["UK","ES","IT"],"property":"Country"},"value":true}]},{"key":"jet-consumerweb::tmp_textsearch_improvements_results","valueType":"bool","defaultValueRules":[{"restrictions":{"in":["UK","IE","ES","IT","AU"],"property":"Country"},"value":true}]},{"key":"jet-consumerweb::twint_save_payment_checkbox","valueType":"bool","defaultValueRules":[{"restrictions":{"eq":"CH","property":"Country"},"value":false}],"evaluationLogic":{"type":"IdHash","detail":{"bucketBy":"AnonUserId","prefix":"twint_save_payment_checkbox","rules":[{"restrictions":{"eq":"CH","property":"Country"},"audienceFraction":1,"variants":[{"weight":0,"value":false,"experimentKey":"PAYEX-1000-twint_save_payment_checkbox","experimentVariant":"control"},{"weight":100,"value":true,"experimentKey":"PAYEX-1000-twint_save_payment_checkbox","experimentVariant":"variant"}]}]}}},{"key":"jet-consumerweb::unified_toprank_enabled","valueType":"bool","defaultValueRules":[{"restrictions":{"and":[{"eq":"IE","property":"Country"},{"eq":"TRUE","property":"IsOneWeb"}]},"value":true}],"tags":["affects-cache"]},{"key":"jet-consumerweb::universal_account_linking_terry","valueType":"bool","defaultValueRules":[{"restrictions":{"in":["DE","AT","ES"],"property":"Country"},"value":true}],"tags":["affects-cache"]},{"key":"jet-consumerweb::universal_assistant_chatbot","valueType":"bool","defaultValueRules":[{"restrictions":{"eq":"NL","property":"Country"},"value":false}],"evaluationLogic":{"type":"IdHash","detail":{"bucketBy":"AnonUserId","prefix":"universal_assistant_chatbot","rules":[{"restrictions":{"eq":"SK","property":"Country"},"audienceFraction":1,"variants":[{"weight":1,"value":true}]},{"restrictions":{"in":["CH","BG","DE","NL"],"property":"Country"},"audienceFraction":1,"variants":[{"weight":1,"value":true}]},{"restrictions":{"in":["AT","LU","DK","PL"],"property":"Country"},"audienceFraction":1,"variants":[{"weight":1,"value":true}]}]}},"tags":["affects-cache"]},{"key":"jet-consumerweb::universal_bot_rl_ssr_timeout","valueType":"int","defaultValueRules":[{"restrictions":{"in":["UK","IE","ES","IT","AU"],"property":"Country"},"value":4000},{"restrictions":{"and":[{"in":["AT","BE","BG","CH","DK","FR","LU","PL","NL","SK"],"property":"Country"},{"eq":"TRUE","property":"IsOneWeb"}]},"value":4000},{"restrictions":{"in":["AT","BE","BG","CH","DE","DK","FR","LU","PL","NL","SK"],"property":"Country"},"value":19000}]},{"key":"jet-consumerweb::universal_menu_ssr_exp","valueType":"string","defaultValueRules":[{"restrictions":{"and":[{"in":["CA","SK","IE","IT","ES","AU","UK","LU","PL","DK","CH","BG","BE","AT","NL","DE"],"property":"Country"},{"eq":"TRUE","property":"IsOneWeb"}]},"value":"variation_1"},{"restrictions":{"and":[{"eq":"SK","property":"Country"},{"eq":"FALSE","property":"IsOneWeb"}]},"value":"variation_1"}],"tags":["affects-cache"]},{"key":"jet-consumerweb::universal_menu_web_new_header","valueType":"string","defaultValueRules":[{"restrictions":{"in":["IE","UK","ES","IT","AT","AU","BE","BG","CA","CH","DE","DK","FR","IL","PT","NZ","SK","NO","NL","LU","PL"],"property":"Country"},"value":"variation_1"}],"tags":["affects-cache"]},{"key":"jet-consumerweb::universal_remove_dns_lookup","valueType":"bool","defaultValueRules":[{"restrictions":{"in":["BE","AU","BG","CA","CH","DE","DK","ES","FR","IE","IL","IT","LU","NL","NO","AT","NZ","PL","UK","PT","SK"],"property":"Country"},"value":false}],"tags":["affects-cache"]},{"key":"jet-consumerweb::universal_rl_new_delivery_fees","valueType":"string","defaultValueRules":[{"restrictions":{"in":["UK","IE","ES","IT","AU"],"property":"Country"},"value":"variation_1"},{"restrictions":{"and":[{"in":["AT","DE","BE","BG","CH","DK","FR","LU","PL","NL","SK"],"property":"Country"},{"eq":"TRUE","property":"IsOneWeb"}]},"value":"variation_1"}]},{"key":"jet-consumerweb::universal_rl_ssr","valueType":"string","defaultValueRules":[{"restrictions":{"in":["UK","ES","IE","IT","AU"],"property":"Country"},"value":"variation_1"},{"restrictions":{"and":[{"in":["BE","BG","DK","FR","NL","AT","DE","SK"],"property":"Country"},{"eq":"TRUE","property":"IsOneWeb"}]},"value":"variation_1"},{"restrictions":{"and":[{"in":["CH","LU","PL"],"property":"Country"},{"eq":"TRUE","property":"IsOneWeb"}]},"value":"reserve"}],"evaluationLogic":{"type":"IdHash","detail":{"bucketBy":"AnonUserId","prefix":"universal_rl_ssr","rules":[{"restrictions":{"and":[{"in":["CH","LU","PL"],"property":"Country"},{"eq":"TRUE","property":"IsOneWeb"}]},"audienceFraction":1,"variants":[{"weight":1,"value":"variation_1"}]}]}},"tags":["affects-cache"]},{"key":"jet-consumerweb::universal_rl_ssr_timeout","valueType":"int","defaultValueRules":[{"restrictions":{"in":["UK","ES","IE","IT","AU"],"property":"Country"},"value":1500},{"restrictions":{"and":[{"in":["AT","BE","BG","CH","DK","FR","LU","PL","NL","DE","SK"],"property":"Country"},{"eq":"TRUE","property":"IsOneWeb"}]},"value":1500},{"restrictions":{"in":["BE","BG","CH","DE","DK","FR","LU","PL","NL","SK","AT"],"property":"Country"},"value":10000}],"tags":["affects-cache"]},{"key":"jet-consumerweb::universal_rl_v3_phase_two","valueType":"bool","defaultValueRules":[{"restrictions":{"in":["UK","IE","ES","IT","AU"],"property":"Country"},"value":true},{"restrictions":{"and":[{"in":["AT","DE","BE","BG","CH","DK","FR","LU","PL","NL","SK"],"property":"Country"},{"eq":"TRUE","property":"IsOneWeb"}]},"value":true}],"tags":["affects-cache"]},{"key":"jet-consumerweb::universal_tmp_rl_limit_ssr_restaurants","valueType":"int","defaultValueRules":[{"restrictions":{"in":["IE","ES","UK","IT","AU"],"property":"Country"},"value":50}],"tags":["affects-cache"]},{"key":"jet-consumerweb::universal_use_full_story_tracking","valueType":"bool","defaultValueRules":[{"restrictions":{"in":["DE","UK"],"property":"Country"},"value":false}],"evaluationLogic":{"type":"IdHash","detail":{"bucketBy":"AnonUserId","prefix":"universal_use_full_story_tracking_exp","rules":[{"restrictions":{"eq":"UK","property":"Country"},"audienceFraction":0.05,"variants":[{"weight":1,"value":true}]}]}}},{"key":"jet-consumerweb::universal_use_snowplow_tracking","valueType":"bool","defaultValueRules":[{"restrictions":{"in":["AT","AU","BE","BG","CA","CH","ES","FR","IE","IL","IT","LU","NL","NO","NZ","PL","PT","DE","DK","UK","SK"],"property":"Country"},"value":true}],"tags":["affects-cache"]},{"key":"jet-consumerweb::useRestaurantAvailabilityService","valueType":"bool","defaultValueRules":[{"restrictions":{"in":["IE","UK","ES","IT","AU"],"property":"Country"},"value":true}]},{"key":"jet-consumerweb::useServiceChargeDescription","valueType":"bool","defaultValueRules":[{"restrictions":{"in":["CH","FR"],"property":"Country"},"value":true}]},{"key":"jet-consumerweb::voucher_enable_for_non_restricted_items","valueType":"bool","defaultValueRules":[{"restrictions":{"and":[{"in":["UK","IE","CH","DE","NL"],"property":"Country"},{"eq":"TRUE","property":"IsOneWeb"}]},"value":true}],"tags":["affects-cache"]},{"key":"jet-consumerweb::wcp-1158-no-cache","valueType":"string","defaultValueRules":[{"restrictions":{"in":["IE","UK","ES"],"property":"Country"},"value":"reserve"}]},{"key":"jet-consumerweb::worker-cache-home-route","valueType":"bool","defaultValueRules":[{"restrictions":{"in":["AT","BE","BG","CA","CH","DE","DK","ES","FR","IL","IT","LU","NL","NO","NZ","PL","UK","IE","SK"],"property":"Country"},"value":true},{"restrictions":{"eq":"AU","property":"Country"},"value":true}],"tags":["affects-cache"]},{"key":"jet-consumerweb::worker-cache-menu-route","valueType":"bool","defaultValueRules":[{"restrictions":{"in":["PL","UK","NZ","NO","NL","LU","IT","IL","FR","ES","DK","DE","CH","CA","BG","BE","AU","AT","IE","SK"],"property":"Country"},"value":true}],"tags":["affects-cache"]},{"key":"jet-consumerweb::worker-cache-restaurant-list-route","valueType":"bool","defaultValueRules":[{"restrictions":{"in":["AT","AU","BE","BG","CA","CH","DE","DK","ES","FR","IE","NO","NZ","PL","UK","IL","IT","LU","NL","SK"],"property":"Country"},"value":true}],"tags":["affects-cache"]},{"key":"jet-consumerweb::worker-cache-wildcard-routes","valueType":"bool","defaultValueRules":[{"restrictions":{"in":["UK","PL","NZ","NO","NL","LU","IT","IL","FR","ES","DK","DE","CH","CA","BG","BE","AU","AT","IE","SK"],"property":"Country"},"value":true}],"tags":["affects-cache"]},{"key":"jet-consumerweb::worker-cf-options-cache-everything","valueType":"bool","defaultValueRules":[{"restrictions":{"in":["AT","AU","BE","BG","CA","CH","DE","DK","FR","IE","IL","IT","LU","NL","NO","NZ","PL","PT","SK","ES"],"property":"Country"},"value":false},{"restrictions":{"eq":"UK","property":"Country"},"value":true}],"tags":["affects-cache"]},{"key":"jet-consumerweb::worker_use_resolve_override","valueType":"bool","defaultValueRules":[{"restrictions":{"in":["AT","BE","BG","CA","CH","DE","DK","FR","IL","LU","NL","NO","PL","PT","SK"],"property":"Country"},"value":true}],"tags":["affects-cache"]}],"createdAt":"2025-05-23T09:10:15.451Z"},"currentHost":"www.thuisbezorgd.nl","cdnDetails":{"isCdnDetected":true,"isHealthCheck":false,"isCloudflare":true,"isCfWorker":true,"imagesCdnUrl":"https://www.thuisbezorgd.nl/consumer-web/images","filesCdnUrl":"https://assets.takeaway.com/consumer-web/production/files","apiProxyUrl":"","cfRay":"9445207e1206eace-ORD"},"isOneWeb":true},"features":{"featureSwitches":{"addressesPage":false,"sentry":true,"service_worker":false,"signOutFromLegacy":true,"datadogRum":true,"apiProxy":false,"customAssetsPrefix":true,"postingReviewFromOrderPage":true,"ageVerification":true,"assistant_chatbot_extended_item_picker":true,"assistant_chatbot_supported_languages":"en,nl,fr,de,bg,da,pl,sk,be","assistant_guest_chatbot":true,"assistantZendeskMessaging":true,"auto_select_site_language":true,"basket_summary_sticky":"control","becomeACourier":true,"brazeAfterOrder":false,"brazeCampaignManager":true,"brazeSerp":true,"brazeSerpCards":true,"cashAmountSelectionDropdown":true,"categoryGridview":true,"checkoutViewSavedOptions":true,"checkout_web_date_of_birth_enabled":true,"checkout_web_lightning_enabled":true,"corporateOrdering":true,"delivery_and_collection_fee":true,"deliveryFeeRanges":true,"discountedItemWithNewPrice":true,"enableEmailChange":true,"facebookSignIn":true,"giftCardShop":true,"globalFeedback":true,"googleSignIn":true,"granularCookieBanner":true,"groceryItemsGridview":true,"grocery_limit_rendered_items_for_bots":10,"groceryRoute":false,"grocery_single_category_view_enabled":"variation_1","grocery_ssr_enabled":false,"guest_registration_flow_enabled":true,"hideOfflineItemsForGroceries":true,"isChallengeEnabled":true,"isDynamicDeliveryFeeEnabled":true,"isGoogleAndApplePayEnabled":true,"isStandardisedPaymentFlowEnabled":true,"itemNameSticky":true,"languageSelector":true,"limitedReviewNumber":200,"loginHeaderButton":true,"ls-checkout-default-address":true,"ls_use_byslug_plapi":true,"measure_interaction_performance":"control","menu_activate_single_category_view_on_minimum_rendered_items_value":500,"menu_bot_ssr_timeout":1500,"menu_category_lazy_loading_enabled":false,"menu_colophon_enabled":true,"menu_display_deposit":true,"menu_dsa_fee_transparency_enabled":true,"menu_dynamic_api_on_client_enabled":true,"menu_force_waiting_for_dynamic_menu_enabled":true,"menu_group_ordering_groceries_enabled":true,"menu_group_ordering_participation_enabled":true,"menu_group_ordering_pharmacies_enabled":true,"menu_group_ordering_share_my_balance_enabled":true,"menu_item_new_card_ui":true,"menu_item_notes_enabled":true,"menu_item_search":true,"menu_item_selector_improvements":"variation_1","menu_item_selector_notes_enabled":false,"menu_limit_rendered_items_for_bots":50,"menu_mov_banner_information_enabled":true,"menu_multi_language_enabled":true,"menu_nutritional_info_icon_at_item_card_enabled":true,"menu_nutritional_info_icon_at_item_selector_content_enabled":true,"menu_nutritional_info_icon_at_item_selector_header_enabled":true,"menu_oneweb_product_info_integration_enabled":true,"menu_quick_add_enabled":true,"menu_restaurant_reviews_limit_enabled":true,"menu_show_category_shortcut":true,"menu_show_grocery_simple_items_in_a_modal":true,"menu_show_new_offer_ui":true,"menu_show_report_link":true,"menuSingleCategoryView":true,"menu_user_ssr_timeout":1500,"numeric_stepper_basket":"variation_1","numeric_stepper_item_selector":"variation_1","oneweb_eks_rollout":true,"oneweb_external_routes_rollout":true,"oneWebFeedback":true,"oneweb-rollout":true,"orderConfirmationPageDetailedPaymentMethods":true,"orderConfirmationPageOrderAgainInOrderTracker":true,"orderConfirmationPageReview":true,"order_tracker_eta_countdown_enabled":true,"order_tracker_features_for_takeaway":true,"orderTrackerMapRouteDirectionsEnabled":true,"order_tracker_might_be_trackable_banner":true,"partnerWithUs":true,"past_order_details_page":"variation_1","paypal_fraudnet_enabled":true,"personalInfoPage":true,"pharmacyLogo":true,"pieCookieBanner":true,"pooled_order_substatus_enabled":true,"pooled_order_waypoints_enabled":true,"recentlySelectedLocationsLocalStorage":true,"redirectToTestLocation":true,"reduxDevtools":false,"removeGeoCoordinatesFromUrl":true,"restaurant_snowplow_event_tracking_enabled":true,"rewards_checkout_delivery_options_voucher_compatibility_enabled":false,"rl_braze_ssr_timeout":550,"rl_enhanced_recent_search":false,"rl_filter_shortcuts_tooltip":false,"rl_jet_plus":false,"rl_new_partner_card_exp":"variation_1","rl_offer_placement_ammendments":"variation_2","rl_reduce_data_for_search_card":"reserve","rl_remove_spa_to_menu":"variation_1","rl_re_order_query_param":true,"rl_serp_minimise_carousel_datapoints_enabled":"variation_1","rl_snowplow_impressions":true,"rl-snowplowtracking":true,"rl_ssr_phase_two":false,"rl_test_disable_braze_auth_restore":true,"rl_use_internal_plapi_endpoints":"variation_1","rl_v3_phase_one":true,"rl_v3_phase_three":true,"rokt_ads_enabled":true,"rum_replay_sample_rate":30,"rum_sample_rate":30,"searchAutocomplete":true,"searchDropdownFix":true,"search_hints":"variation_3","searchToTop":"variation_1","serviceChargeAdditionalInfo":true,"shippingTypeSwitcherInCart":true,"showGroceries":true,"storefront_alternative_restricted_items_info_modal_enabled":true,"svs_home_to_serp":true,"temporaryOfflineShippingTypes":true,"tippingEnabled":true,"universal_assistant_chatbot":true,"universal_bot_rl_ssr_timeout":4000,"universal_menu_ssr_exp":"variation_1","universal_menu_web_new_header":"variation_1","universal_remove_dns_lookup":false,"universal_rl_new_delivery_fees":"variation_1","universal_rl_ssr":"variation_1","universal_rl_ssr_timeout":1500,"universal_rl_v3_phase_two":true,"universal_use_snowplow_tracking":true,"voucher_enable_for_non_restricted_items":true,"worker-cache-home-route":true,"worker-cache-menu-route":true,"worker-cache-restaurant-list-route":true,"worker-cache-wildcard-routes":true,"worker-cf-options-cache-everything":false,"worker_use_resolve_override":true},"countryFeatureSwitches":{"liveChat":["dk","no"],"standardisedPaymentFlow":["at","be","bg","de","dk","ch","pt","pl","ro","nl","fr","no","lu"],"cancelPolling":["lu"],"exceptionalStatus":[""],"newPaymentMethodNotification":["pt"],"tipping":["pl","be","fr","dk","no","pt","lu","ch","nl","de","bg","ro"],"smsNewsletterSubscription":["ie","gb","es","it","au"],"deleteAccount":["ie","gb","es","it","au"],"enableJetFm":["ie","gb","at","be","bg","ch","de","dk","lu","pl","nl","fr"]}}},"apiAccessToken":{"value":null},"campaigns":{"isRestored":false,"isLoading":false,"isModalLoading":false,"campaignList":{},"closedCampaigns":{}},"basket":{"allergenInfoModalStatus":{"isviewed":false,"viewedTextVisible":false},"autoAddedProducts":{},"basketErrorModal":{"isOpen":false,"isBasketErrorConfirmed":false,"errorType":""},"basketRecommendations":{"isFetched":false,"isFetching":false,"recommendations":{"restaurantId":"","renderWithView":"","carousel":{"title":"","items":[]},"list":{"title":"","items":[]}},"conversationId":""},"basketRestriction":{"isAlcoholRestricted":false,"alcohol":{}},"cart":{"basketId":null,"items":[],"isExpanded":false,"isRestoreFinished":false,"previousItems":[],"restrictedItems":{},"activeRestrictions":[],"focusedItemIndex":-1,"subTotalChanged":false,"subTotal":0,"total":0,"totalWithDeliveryBenefit":null,"cartDiscounts":[],"currentEditingCartItemIndex":-1,"error":null,"deliveryCharge":0,"deliveryChargeWithBenefit":null,"maximumAdditionalItems":1.7976931348623157e+308,"requiresOther":false,"restrictions":[],"isOrderable":true,"conversationId":"","stampCardDiscountInfo":{"isFetched":false,"info":{"name":"","adjustment":0}},"isCartUpdateInProgress":false,"stampCardDiscountPrompt":{"isFetched":false,"info":{"toSpendValue":0,"qualifyingValue":0}},"isStampCardsToggleActive":false,"itemDiscounts":[],"discountAmount":0,"depositGroupsInfo":[],"isBasketItemQuantityUpdating":false,"cartDataUpdated":false,"smallOrderFee":{},"quantityRestrictions":[],"smallOrderFeeThreshold":0,"supportsItemLevelNotes":false,"customerNotesRemaining":1,"categoryOffers":[]},"cartCriticalError":{"isRestoration":false,"items":[]},"discounts":{"list":[]},"mov":{"isMovReached":true,"hasMovUpdated":false,"isMovCheckFinished":false,"spendMore":0,"spendMoreFreeDeliveryBenefit":0,"amountSavedWithDeliveryBenefit":0,"isMovBannerInformationVisible":false},"productRestrictions":{"restrictions":{"dependencies":[],"items":[]},"isProductsRestrictionsFetched":false,"isProductsRestrictionsFetchTried":false},"reorderModal":{"isOpen":false,"isSubmitting":false,"isSubmitted":false,"selectedItemIds":{}}},"braze":{"isRestored":false,"isLoading":false,"isModalLoading":false,"campaignList":{},"closedCampaigns":{},"isInitialised":false,"trackSerpCardsExp":false},"checkout":{"adyen":{"paymentDetails":{},"authorisationResponse":{},"challengeResponse":{},"isLoading":false,"isGooglePayAvailable":false,"isApplePayAvailable":false,"errorMessage":{"unknown":""}},"accountCredit":{"isIntact":true,"isApplied":false,"amount":0},"checkoutChangedModal":{"isOpen":false,"postalCode":"","minOrderValue":0,"deliveryFeeRanges":[],"shippingInfo":{},"context":""},"checkoutErrors":{"sectionErrors":{"CART":{"hasWarning":false,"isCritical":false,"errorReason":null,"meta":null},"SHIPPING_INFO":{"hasWarning":false,"isCritical":false,"errorReason":null,"meta":null},"DELIVERY_TIME":{"hasWarning":false,"isCritical":false,"errorReason":null,"meta":null},"PICKUP_ADDRESS":{"hasWarning":false,"isCritical":false,"errorReason":null,"meta":null},"PICKUP_TIME":{"hasWarning":false,"isCritical":false,"errorReason":null,"meta":null},"PAYMENT_METHOD":{"hasWarning":false,"isCritical":false,"errorReason":null,"meta":null},"VOUCHER":{"hasWarning":false,"isCritical":false,"errorReason":null,"meta":null},"NAME_AND_AGE_VERIFICATION":{"hasWarning":false,"isCritical":false,"errorReason":null,"meta":null},"REFERENCE":{"hasWarning":false,"isCritical":false,"errorReason":null,"meta":null}},"globalError":{"hasWarning":false,"isCritical":false,"errorReason":null,"meta":null}},"deliveryAddress":{"isRestored":false,"details":{"accessCode":"","apartmentName":"","block":"","taxId":"","city":"","companyName":"","door":"","entrance":"","flatNumber":"","floor":"","lat":"","lng":"","intercom":"","phoneNumber":"","postalCode":"","placeId":"","savedAddressId":"","street":"","streetName":"","streetNumber":"","streetAddress":"","locationSlug":"","takeawayPostalCode":"","deliveryAreaId":"","timeZone":"","state":"","country":"","line2":"","line3":"","premise":""}},"duplicateOrderModal":{"checkDuplicateOrder":true,"orderIdentifier":"","id":""},"dynamicDeliveryFeeInfo":{"previousDeliveryFee":null,"isDynamicDeliveryFeeChanged":false},"flow":{"isRunning":false,"isRestored":false,"stage":"unknown","orderSubmissionDetails":{},"paymentStatus":null,"requiredSectionErrors":[]},"info":{"serviceType":"delivery","customer":{"firstName":null,"lastName":null,"phoneNumber":null,"dateOfBirth":null,"taxId":null},"fulfilment":{"time":{"asap":false,"scheduled":null},"location":{"address":null,"geolocation":null},"table":null},"restaurant":{"id":null},"notes":null,"deliveryOptions":null,"voucher":null,"isFulfillable":false,"issues":[],"tipping":null,"isSyncInProgress":false,"additionalProducts":null},"mismatchedTotalsModal":{"isOpen":false},"mode":{"isExpress":false,"isRestored":false},"newPaymentMethod":{"newPaymentMethod":"","isNewPaymentMethodNoteVisible":false},"notes":{"supportedTypes":{"delivery":{"orderNoteAccepted":true,"kitchenNoteAccepted":false,"courierNoteAccepted":false},"pickup":{"orderNoteAccepted":true,"kitchenNoteAccepted":false,"courierNoteAccepted":false}},"info":{"order":"","kitchen":"","courier":""}},"order":{"status":"created","submissionInfo":{"authentication":{"authToken":"","refreshToken":"","hasTokens":true},"paymentId":"","paymentPageUrl":"","paymentServiceProviderQuery":null,"orderIdentifier":""},"shippingAddress":{"address":{"city":"","country":"","deliveryAreaId":"","district":"","lat":null,"lng":null,"locationSlug":"","placeId":"","postalCode":"","state":"","street":"","streetNumber":"","streetAddress":"","takeawayPostalCode":"","streetNumberOrBuilding":"","addressSource":"deepLink","geocodeSource":"deepLink","deviceAccuracy":null,"addressGeocodeAccuracy":null,"floor":"","formattedAddress":"","id":"","timeZone":""},"shippingDetails":{"accessCode":"","apartmentName":"","block":"","taxId":"","companyName":"","door":"","entrance":"","flatNumber":"","floor":"","intercom":"","phoneNumber":"","premise":"","line2":"","line3":""},"savedAddressId":""},"personalDetails":{"fullName":"","email":"","phoneNumber":"","languagePreference":"","hasOrderedBefore":null,"firstName":"","lastName":""},"remarks":{"text":null,"isSaved":false},"notes":{"order":"","kitchen":"","courier":""},"takeawayPayStatus":"intact","hasUnresolvedCancelledPayment":false,"isNewsletterAccepted":false,"isNewsletterIntact":true,"isRestored":false,"isShippingAddressRestorationFinished":false,"isPersonalDetailsRestorationFinished":false,"pharmacyConsent":{"consentType":"SensitivePersonalInformationProcessing","consentStatus":null,"decisionAt":null},"showAddressConfirmationPrompt":false,"isReserved":false},"payment":{"requested":{"paymentMethod":"","issuer":"","selectedAmount":0,"isStored":false,"isStoringRequested":false},"selected":{"paymentMethod":"","issuer":"","selectedAmount":0,"isStored":false,"isStoringRequested":false},"isSelectedPaymentMethodRestored":false},"paymentOptions":{"isFetchRequested":false,"isFetchSucceeded":false,"options":[],"savedOptions":[],"preferredOptions":[],"isDeleteSavedPaymentModalOpen":false,"savedPaymentMethodtoDelete":null},"paypalFraudnet":{"isLoaded":false,"paypalClientMetadataId":""},"paypal":{"sdkAmount":"","identifier":"","summary":[],"isInitialized":false},"personalDetails":{"fullName":"","email":"","phoneNumber":"","languagePreference":"","hasOrderedBefore":null,"firstName":"","lastName":""},"ravelin":{"info":{"deviceId":""},"sdk":{"isLoaded":false,"isLoading":false}},"remarks":{"delivery":{"text":null,"isSaved":false},"pickup":{"text":null,"isSaved":false}},"rewardsUnlimitedFreeDelivery":{"isUnlimitedFreeDeliveryNotAvailable":false,"isUnlimitedFreeDeliveryNotAvailableModalOpen":false,"activeVoucherCode":null,"applicableVouchers":{"vouchers":[],"isFetched":false,"isFetching":false}},"shippingChangeModal":{"isOpen":false},"shippingFee":{"previousShippingFee":null,"currentShippingFee":null,"isFeeChanged":false},"shippingInfo":{"isSubmitting":false,"requestedInfo":{"deliveryAddress":null,"location":{"city":"","country":"","deliveryAreaId":"","district":"","lat":null,"lng":null,"locationSlug":"","placeId":"","postalCode":"","state":"","street":"","streetNumber":"","streetAddress":"","takeawayPostalCode":"","streetNumberOrBuilding":"","addressSource":"deepLink","geocodeSource":"deepLink","deviceAccuracy":null,"addressGeocodeAccuracy":null,"floor":"","formattedAddress":"","id":"","timeZone":""},"restaurantShippingInfo":null,"isValid":false,"isGeocoderValid":false,"errorReason":""},"currentInfo":{"deliveryAddress":null,"location":{"city":"","country":"","deliveryAreaId":"","district":"","lat":null,"lng":null,"locationSlug":"","placeId":"","postalCode":"","state":"","street":"","streetNumber":"","streetAddress":"","takeawayPostalCode":"","streetNumberOrBuilding":"","addressSource":"deepLink","geocodeSource":"deepLink","deviceAccuracy":null,"addressGeocodeAccuracy":null,"floor":"","formattedAddress":"","id":"","timeZone":""},"restaurantShippingInfo":null,"isValid":false,"isGeocoderValid":false,"errorReason":""},"schemaValidation":{"personalDetails":[],"deliveryAddress":[]}},"shippingTime":{"asapValue":{"value":"","text":""},"delivery":"","pickup":"","options":[],"isAsapAvailable":false,"orderSubmissionTime":null,"optionsDelivery":[],"optionsPickup":[]},"takeawayPay":{"status":"intact","reference":"","isReferenceInvalid":false,"isReferenceUnknown":false,"isRestored":false},"voucher":{"voucher":{"code":"","type":"empty","name":"","description":"","value":0,"mov":0,"amount":0},"isFetched":false,"isApplied":false}},"countryConfig":null,"cuisines":{"slugs":[],"details":{}},"deviceDetection":{"browser":{"name":"chrome","version":"136","capabilities":{"isImageLazyLoadingSupported":false}},"device":{"isBot":false,"isRetinaScreen":false,"isTablet":false,"osName":"win","osVersion":null,"type":"desktop"}},"dynamicDeliveryFeeInfo":{"expiryTime":0,"token":"","restaurantId":"","deliveryFee":null,"changedFeeReason":""},"dynamicMenu":{"isFetched":false,"isFetching":false},"exceptionHandling":{"serializedException":null,"options":{}},"featureAnnouncement":{"requestedList":[],"acknowledgedList":[],"isAcknowledgedListRestored":false},"featureManagement":{"isReady":true,"isFailed":false,"trackingId":null,"features":{"ageVerification":{"key":"ageVerification","value":true,"tracked":false},"assistant_chatbot_extended_item_picker":{"key":"assistant_chatbot_extended_item_picker","value":true,"tracked":false},"assistant_chatbot_supported_languages":{"key":"assistant_chatbot_supported_languages","value":"en,nl,fr,de,bg,da,pl,sk,be","tracked":false},"assistant_guest_chatbot":{"key":"assistant_guest_chatbot","value":true,"tracked":false},"assistantZendeskMessaging":{"key":"assistantZendeskMessaging","value":true,"tracked":false},"auto_select_site_language":{"key":"auto_select_site_language","value":true,"tracked":false},"basket_summary_sticky":{"key":"basket_summary_sticky","value":"control","tracked":false},"becomeACourier":{"key":"becomeACourier","value":true,"tracked":false},"brazeAfterOrder":{"key":"brazeAfterOrder","value":false,"tracked":false},"brazeCampaignManager":{"key":"brazeCampaignManager","value":true,"tracked":false},"brazeSerp":{"key":"brazeSerp","value":true,"tracked":false},"brazeSerpCards":{"key":"brazeSerpCards","value":true,"tracked":false},"cashAmountSelectionDropdown":{"key":"cashAmountSelectionDropdown","value":true,"tracked":false},"categoryGridview":{"key":"categoryGridview","value":true,"tracked":false},"checkoutViewSavedOptions":{"key":"checkoutViewSavedOptions","value":true,"tracked":false},"checkout_web_date_of_birth_enabled":{"key":"checkout_web_date_of_birth_enabled","value":true,"tracked":false},"checkout_web_lightning_enabled":{"key":"checkout_web_lightning_enabled","value":true,"tracked":false},"corporateOrdering":{"key":"corporateOrdering","value":true,"tracked":false},"delivery_and_collection_fee":{"key":"delivery_and_collection_fee","value":true,"tracked":false},"deliveryFeeRanges":{"key":"deliveryFeeRanges","value":true,"tracked":false},"discountedItemWithNewPrice":{"key":"discountedItemWithNewPrice","value":true,"tracked":false},"enableEmailChange":{"key":"enableEmailChange","value":true,"tracked":false},"facebookSignIn":{"key":"facebookSignIn","value":true,"tracked":false},"giftCardShop":{"key":"giftCardShop","value":true,"tracked":false},"globalFeedback":{"key":"globalFeedback","value":true,"tracked":false},"googleSignIn":{"key":"googleSignIn","value":true,"tracked":false},"granularCookieBanner":{"key":"granularCookieBanner","value":true,"tracked":false},"groceryItemsGridview":{"key":"groceryItemsGridview","value":true,"tracked":false},"grocery_limit_rendered_items_for_bots":{"key":"grocery_limit_rendered_items_for_bots","value":10,"tracked":false},"groceryRoute":{"key":"groceryRoute","value":false,"tracked":false},"grocery_single_category_view_enabled":{"key":"grocery_single_category_view_enabled","value":"variation_1","tracked":false},"grocery_ssr_enabled":{"key":"grocery_ssr_enabled","value":false,"tracked":false},"guest_registration_flow_enabled":{"key":"guest_registration_flow_enabled","value":true,"tracked":false},"hideOfflineItemsForGroceries":{"key":"hideOfflineItemsForGroceries","value":true,"tracked":false},"isChallengeEnabled":{"key":"isChallengeEnabled","value":true,"tracked":false},"isDynamicDeliveryFeeEnabled":{"key":"isDynamicDeliveryFeeEnabled","value":true,"tracked":false},"isGoogleAndApplePayEnabled":{"key":"isGoogleAndApplePayEnabled","value":true,"tracked":false},"isStandardisedPaymentFlowEnabled":{"key":"isStandardisedPaymentFlowEnabled","value":true,"tracked":false},"itemNameSticky":{"key":"itemNameSticky","value":true,"tracked":false},"languageSelector":{"key":"languageSelector","value":true,"tracked":false},"limitedReviewNumber":{"key":"limitedReviewNumber","value":200,"tracked":false},"loginHeaderButton":{"key":"loginHeaderButton","value":true,"tracked":false},"ls-checkout-default-address":{"key":"ls-checkout-default-address","value":true,"tracked":false},"ls_use_byslug_plapi":{"key":"ls_use_byslug_plapi","value":true,"tracked":false},"measure_interaction_performance":{"key":"measure_interaction_performance","value":"control","tracked":false},"menu_activate_single_category_view_on_minimum_rendered_items_value":{"key":"menu_activate_single_category_view_on_minimum_rendered_items_value","value":500,"tracked":false},"menu_bot_ssr_timeout":{"key":"menu_bot_ssr_timeout","value":1500,"tracked":false},"menu_category_lazy_loading_enabled":{"key":"menu_category_lazy_loading_enabled","value":false,"tracked":false},"menu_colophon_enabled":{"key":"menu_colophon_enabled","value":true,"tracked":false},"menu_display_deposit":{"key":"menu_display_deposit","value":true,"tracked":false},"menu_dsa_fee_transparency_enabled":{"key":"menu_dsa_fee_transparency_enabled","value":true,"tracked":false},"menu_dynamic_api_on_client_enabled":{"key":"menu_dynamic_api_on_client_enabled","value":true,"tracked":false},"menu_force_waiting_for_dynamic_menu_enabled":{"key":"menu_force_waiting_for_dynamic_menu_enabled","value":true,"tracked":false},"menu_group_ordering_groceries_enabled":{"key":"menu_group_ordering_groceries_enabled","value":true,"tracked":false},"menu_group_ordering_participation_enabled":{"key":"menu_group_ordering_participation_enabled","value":true,"tracked":false},"menu_group_ordering_pharmacies_enabled":{"key":"menu_group_ordering_pharmacies_enabled","value":true,"tracked":false},"menu_group_ordering_share_my_balance_enabled":{"key":"menu_group_ordering_share_my_balance_enabled","value":true,"tracked":false},"menu_item_new_card_ui":{"key":"menu_item_new_card_ui","value":true,"tracked":false},"menu_item_notes_enabled":{"key":"menu_item_notes_enabled","value":true,"tracked":false},"menu_item_search":{"key":"menu_item_search","value":true,"tracked":false},"menu_item_selector_improvements":{"key":"menu_item_selector_improvements","value":"variation_1","tracked":false},"menu_item_selector_notes_enabled":{"key":"menu_item_selector_notes_enabled","value":false,"tracked":false},"menu_limit_rendered_items_for_bots":{"key":"menu_limit_rendered_items_for_bots","value":50,"tracked":false},"menu_mov_banner_information_enabled":{"key":"menu_mov_banner_information_enabled","value":true,"tracked":false},"menu_multi_language_enabled":{"key":"menu_multi_language_enabled","value":true,"tracked":false},"menu_nutritional_info_icon_at_item_card_enabled":{"key":"menu_nutritional_info_icon_at_item_card_enabled","value":true,"tracked":false},"menu_nutritional_info_icon_at_item_selector_content_enabled":{"key":"menu_nutritional_info_icon_at_item_selector_content_enabled","value":true,"tracked":false},"menu_nutritional_info_icon_at_item_selector_header_enabled":{"key":"menu_nutritional_info_icon_at_item_selector_header_enabled","value":true,"tracked":false},"menu_oneweb_product_info_integration_enabled":{"key":"menu_oneweb_product_info_integration_enabled","value":true,"tracked":false},"menu_quick_add_enabled":{"key":"menu_quick_add_enabled","value":true,"tracked":false},"menu_restaurant_reviews_limit_enabled":{"key":"menu_restaurant_reviews_limit_enabled","value":true,"tracked":false},"menu_show_category_shortcut":{"key":"menu_show_category_shortcut","value":true,"tracked":false},"menu_show_grocery_simple_items_in_a_modal":{"key":"menu_show_grocery_simple_items_in_a_modal","value":true,"tracked":false},"menu_show_new_offer_ui":{"key":"menu_show_new_offer_ui","value":true,"tracked":false},"menu_show_report_link":{"key":"menu_show_report_link","value":true,"tracked":false},"menuSingleCategoryView":{"key":"menuSingleCategoryView","value":true,"tracked":false},"menu_user_ssr_timeout":{"key":"menu_user_ssr_timeout","value":1500,"tracked":false},"numeric_stepper_basket":{"key":"numeric_stepper_basket","value":"variation_1","tracked":false},"numeric_stepper_item_selector":{"key":"numeric_stepper_item_selector","value":"variation_1","tracked":false},"oneweb_eks_rollout":{"key":"oneweb_eks_rollout","value":true,"tracked":false},"oneweb_external_routes_rollout":{"key":"oneweb_external_routes_rollout","value":true,"tracked":false},"oneWebFeedback":{"key":"oneWebFeedback","value":true,"tracked":false},"oneweb-rollout":{"key":"oneweb-rollout","value":true,"tracked":false},"orderConfirmationPageDetailedPaymentMethods":{"key":"orderConfirmationPageDetailedPaymentMethods","value":true,"tracked":false},"orderConfirmationPageOrderAgainInOrderTracker":{"key":"orderConfirmationPageOrderAgainInOrderTracker","value":true,"tracked":false},"orderConfirmationPageReview":{"key":"orderConfirmationPageReview","value":true,"tracked":false},"order_tracker_eta_countdown_enabled":{"key":"order_tracker_eta_countdown_enabled","value":true,"tracked":false},"order_tracker_features_for_takeaway":{"key":"order_tracker_features_for_takeaway","value":true,"tracked":false},"orderTrackerMapRouteDirectionsEnabled":{"key":"orderTrackerMapRouteDirectionsEnabled","value":true,"tracked":false},"order_tracker_might_be_trackable_banner":{"key":"order_tracker_might_be_trackable_banner","value":true,"tracked":false},"partnerWithUs":{"key":"partnerWithUs","value":true,"tracked":false},"past_order_details_page":{"key":"past_order_details_page","value":"variation_1","tracked":false},"paypal_fraudnet_enabled":{"key":"paypal_fraudnet_enabled","value":true,"tracked":false},"personalInfoPage":{"key":"personalInfoPage","value":true,"tracked":false},"pharmacyLogo":{"key":"pharmacyLogo","value":true,"tracked":false},"pieCookieBanner":{"key":"pieCookieBanner","value":true,"tracked":false},"pooled_order_substatus_enabled":{"key":"pooled_order_substatus_enabled","value":true,"tracked":false},"pooled_order_waypoints_enabled":{"key":"pooled_order_waypoints_enabled","value":true,"tracked":false},"postingReviewFromOrderPage":{"key":"postingReviewFromOrderPage","value":true,"tracked":false},"recentlySelectedLocationsLocalStorage":{"key":"recentlySelectedLocationsLocalStorage","value":true,"tracked":false},"redirectToTestLocation":{"key":"redirectToTestLocation","value":true,"tracked":false},"reduxDevtools":{"key":"reduxDevtools","value":false,"tracked":false},"removeGeoCoordinatesFromUrl":{"key":"removeGeoCoordinatesFromUrl","value":true,"tracked":false},"restaurant_snowplow_event_tracking_enabled":{"key":"restaurant_snowplow_event_tracking_enabled","value":true,"tracked":false},"rewards_checkout_delivery_options_voucher_compatibility_enabled":{"key":"rewards_checkout_delivery_options_voucher_compatibility_enabled","value":false,"tracked":false},"rl_braze_ssr_timeout":{"key":"rl_braze_ssr_timeout","value":550,"tracked":false},"rl_enhanced_recent_search":{"key":"rl_enhanced_recent_search","value":false,"tracked":false},"rl_filter_shortcuts_tooltip":{"key":"rl_filter_shortcuts_tooltip","value":false,"tracked":false},"rl_jet_plus":{"key":"rl_jet_plus","value":false,"tracked":false},"rl_new_partner_card_exp":{"key":"rl_new_partner_card_exp","value":"variation_1","tracked":false},"rl_offer_placement_ammendments":{"key":"rl_offer_placement_ammendments","value":"variation_2","tracked":false},"rl_reduce_data_for_search_card":{"key":"rl_reduce_data_for_search_card","value":"reserve","tracked":false},"rl_remove_spa_to_menu":{"key":"rl_remove_spa_to_menu","value":"variation_1","tracked":false},"rl_re_order_query_param":{"key":"rl_re_order_query_param","value":true,"tracked":false},"rl_serp_minimise_carousel_datapoints_enabled":{"key":"rl_serp_minimise_carousel_datapoints_enabled","value":"variation_1","tracked":false},"rl_snowplow_impressions":{"key":"rl_snowplow_impressions","value":true,"tracked":false},"rl-snowplowtracking":{"key":"rl-snowplowtracking","value":true,"tracked":false},"rl_ssr_phase_two":{"key":"rl_ssr_phase_two","value":false,"tracked":false},"rl_test_disable_braze_auth_restore":{"key":"rl_test_disable_braze_auth_restore","value":true,"tracked":false},"rl_use_internal_plapi_endpoints":{"key":"rl_use_internal_plapi_endpoints","value":"variation_1","tracked":false},"rl_v3_phase_one":{"key":"rl_v3_phase_one","value":true,"tracked":false},"rl_v3_phase_three":{"key":"rl_v3_phase_three","value":true,"tracked":false},"rokt_ads_enabled":{"key":"rokt_ads_enabled","value":true,"tracked":false},"rum_replay_sample_rate":{"key":"rum_replay_sample_rate","value":30,"tracked":false},"rum_sample_rate":{"key":"rum_sample_rate","value":30,"tracked":false},"searchAutocomplete":{"key":"searchAutocomplete","value":true,"tracked":false},"searchDropdownFix":{"key":"searchDropdownFix","value":true,"tracked":false},"search_hints":{"key":"search_hints","value":"variation_3","tracked":false},"searchToTop":{"key":"searchToTop","value":"variation_1","tracked":false},"serviceChargeAdditionalInfo":{"key":"serviceChargeAdditionalInfo","value":true,"tracked":false},"shippingTypeSwitcherInCart":{"key":"shippingTypeSwitcherInCart","value":true,"tracked":false},"showGroceries":{"key":"showGroceries","value":true,"tracked":false},"storefront_alternative_restricted_items_info_modal_enabled":{"key":"storefront_alternative_restricted_items_info_modal_enabled","value":true,"tracked":false},"svs_home_to_serp":{"key":"svs_home_to_serp","value":true,"tracked":false},"temporaryOfflineShippingTypes":{"key":"temporaryOfflineShippingTypes","value":true,"tracked":false},"tippingEnabled":{"key":"tippingEnabled","value":true,"tracked":false},"universal_assistant_chatbot":{"key":"universal_assistant_chatbot","value":true,"tracked":false},"universal_bot_rl_ssr_timeout":{"key":"universal_bot_rl_ssr_timeout","value":4000,"tracked":false},"universal_menu_ssr_exp":{"key":"universal_menu_ssr_exp","value":"variation_1","tracked":false},"universal_menu_web_new_header":{"key":"universal_menu_web_new_header","value":"variation_1","tracked":false},"universal_remove_dns_lookup":{"key":"universal_remove_dns_lookup","value":false,"tracked":false},"universal_rl_new_delivery_fees":{"key":"universal_rl_new_delivery_fees","value":"variation_1","tracked":false},"universal_rl_ssr":{"key":"universal_rl_ssr","value":"variation_1","tracked":false},"universal_rl_ssr_timeout":{"key":"universal_rl_ssr_timeout","value":1500,"tracked":false},"universal_rl_v3_phase_two":{"key":"universal_rl_v3_phase_two","value":true,"tracked":false},"universal_use_snowplow_tracking":{"key":"universal_use_snowplow_tracking","value":true,"tracked":false},"voucher_enable_for_non_restricted_items":{"key":"voucher_enable_for_non_restricted_items","value":true,"tracked":false},"worker-cache-home-route":{"key":"worker-cache-home-route","value":true,"tracked":false},"worker-cache-menu-route":{"key":"worker-cache-menu-route","value":true,"tracked":false},"worker-cache-restaurant-list-route":{"key":"worker-cache-restaurant-list-route","value":true,"tracked":false},"worker-cache-wildcard-routes":{"key":"worker-cache-wildcard-routes","value":true,"tracked":false},"worker-cf-options-cache-everything":{"key":"worker-cf-options-cache-everything","value":false,"tracked":false},"worker_use_resolve_override":{"key":"worker_use_resolve_override","value":true,"tracked":false}}},"feeTransparency":{"contexts":[]},"footerExpanded":{"brandLinks":[],"chains":[],"cities":[],"countryLinks":[],"cuisines":[],"partners":[],"regions":[],"social":[],"footerDataFetchFinished":false},"getFeedback":{"buttons":{},"sdk":{"isPending":false,"isLoaded":false}},"groupOrder":{"create":{"isGroupOrderCreateButtonDisabled":false,"isJoinOrderModalOpen":false},"basket":{"isInitialized":false,"currentUser":null,"groupOrderId":null,"groupSettingsOpen":false,"participants":[],"isInviteModalOpen":false,"shareLink":null,"isGroupOrderExpiredModalOpen":false,"groupOrderStatus":null},"manage":{"isCancelGroupOrderModalOpen":false,"isRemoveParticipantModalOpen":false,"isLeaveGroupOrderModalOpen":false,"removeParticipantId":null,"isUserRemovedToastOpen":false},"shareMyBalance":{"paymentReference":""}},"helpCenterNavigation":{"article":{"articleSlugs":{}},"topic":{"topicSlugs":{}},"category":{"categorySlugs":{}}},"helpWithOrder":{"orderNumber":"","actionContext":""},"languageBanner":{"isHidden":false,"sessionPath":null},"liveChat":{"isScriptLoading":false,"isScriptReady":false,"isConnectionEstablished":false,"isLiveChatActive":false,"departmentStatus":"offline"},"locale":{"locale":{"countryCode":"nl","languageCode":"nl"}},"location":{"activeAddress":{"address":null},"panel":{"statuses":{"isInitialised":false,"isInitialising":false,"isContentOpen":false,"isModalOpen":false,"isSubmitted":false,"isFocused":false,"errorType":null,"errorLocation":{"address":{"city":"","country":"","deliveryAreaId":"","district":"","lat":null,"lng":null,"locationSlug":"","placeId":"","postalCode":"","state":"","street":"","streetNumber":"","streetAddress":"","takeawayPostalCode":"","streetNumberOrBuilding":"","addressSource":"deepLink","geocodeSource":"deepLink","deviceAccuracy":null,"addressGeocodeAccuracy":null,"floor":"","formattedAddress":"","id":"","timeZone":""},"shippingDetails":{"accessCode":"","apartmentName":"","block":"","taxId":"","companyName":"","door":"","entrance":"","flatNumber":"","floor":"","intercom":"","phoneNumber":"","premise":"","line2":"","line3":""},"savedAddressId":""}},"searchQuery":{"query":{"value":"","isDirty":false},"autofillSource":"none"}},"suggestions":{"streetBuildingNumber":{"isStreetNumberRequired":false,"locationToValidate":null},"autocompletion":{"isRefinementRequired":false,"isSanitized":false,"isSelectedLocation":false,"list":[],"session":null,"isFetching":false}}},"menu":{"dynamicMenuInformation":{"deliveryFeeRanges":[],"deliveryWithBenefitFeeRanges":[],"minOrderValue":0,"offlineVariationIds":[],"offlineModifierIds":[],"dynamicServiceFee":{}},"restaurantInfo":{"restaurant":{"brand":{"bannerImageUrl":"https://res.cloudinary.com/tkwy-prod-eu/image/upload/{transformations}/v1747642038/static-takeaway-com/images/generic/heroes/511/511_turkish_mediterean_36.jpg","branchName":"","chainId":"","description":[],"headerImageUrl":"nl/restaurants/4164928.jpg","defaultHeaderImageUrl":"nl:cuisines:turks-eten-8.jpg","isChain":false,"logoUrl":"https://res.cloudinary.com/tkwy-prod-eu/image/upload/c_pad,h_100,w_100/v1747642038/static-takeaway-com/images/restaurants/nl/OQ7ORON1/logo_465x320.png","name":"Pideci Almere","slogan":""},"colophon":{"isFetched":true,"data":{"branchName":"","restaurantName":"Pideci Almere","streetName":"Zadelmakerstraat 51","streetNumber":"","postalCode":"1315AN","city":"Almere","legalEntity":"","legalEntityClass":"","legalRepresentativeName":"","legalName":"","email":"services2gobv@gmail.com","fax":"","chamberOfCommerce":[],"vatNumber":"","disputeResolutionLink":"https://ec.europa.eu/consumers/odr","textualRepresentation":[],"traderStatusLink":"https://www.thuisbezorgd.nl/klantenservice/artikel/wat-is-de-status-van-restaurants-welke-samenwerken"}},"customerServiceFoodInfoUrl":"","delivery":{"times":{"0":[{"start":720,"end":1425,"formattedStart":"12:00","formattedEnd":"23:45"}],"1":[{"start":720,"end":1425,"formattedStart":"12:00","formattedEnd":"23:45"}],"2":[{"start":720,"end":1425,"formattedStart":"12:00","formattedEnd":"23:45"}],"3":[{"start":720,"end":1425,"formattedStart":"12:00","formattedEnd":"23:45"}],"4":[{"start":720,"end":1425,"formattedStart":"12:00","formattedEnd":"23:45"}],"5":[{"start":720,"end":1425,"formattedStart":"12:00","formattedEnd":"23:45"}],"6":[{"start":720,"end":1425,"formattedStart":"12:00","formattedEnd":"23:45"}]},"isOpenForOrder":true,"isOpenForPreorder":true,"isScooberRestaurant":false,"durationRange":{},"closestOpeningDayOffset":0,"closestOpeningTime":720,"baseWorkingTimeMinutes":45,"orderTimeSchedule":[{"StartTime":"00:00:00","EndTime":"1.00:00:00","LowerBound":35,"UpperBound":50}]},"exceptionalStatus":null,"id":"4164928","indicators":{"isActive":true,"isGroceryStore":false,"isSingleCategoryStore":false,"isTestRestaurant":false},"hygieneRatingId":null,"location":{"city":"Almere","country":"Netherlands","deliveryAreaId":"","district":"","lat":52.368397,"lng":5.21626,"locationSlug":"","placeId":"","postalCode":"1315AN","state":"","street":"Zadelmakerstraat 51","streetNumber":"","streetAddress":"Zadelmakerstraat 51","takeawayPostalCode":"","streetNumberOrBuilding":"","addressSource":"deepLink","geocodeSource":"deepLink","deviceAccuracy":null,"addressGeocodeAccuracy":null,"floor":"","formattedAddress":"Zadelmakerstraat 51, 1315AN Almere","id":"","timeZone":"Europe/Warsaw"},"payment":{"methods":[],"messages":{},"paymentMethodFees":{},"fees":[],"issuers":{}},"pickup":{"times":{"0":[{"start":720,"end":1425,"formattedStart":"12:00","formattedEnd":"23:45"}],"1":[{"start":720,"end":1425,"formattedStart":"12:00","formattedEnd":"23:45"}],"2":[{"start":720,"end":1425,"formattedStart":"12:00","formattedEnd":"23:45"}],"3":[{"start":720,"end":1425,"formattedStart":"12:00","formattedEnd":"23:45"}],"4":[{"start":720,"end":1425,"formattedStart":"12:00","formattedEnd":"23:45"}],"5":[{"start":720,"end":1425,"formattedStart":"12:00","formattedEnd":"23:45"}],"6":[{"start":720,"end":1425,"formattedStart":"12:00","formattedEnd":"23:45"}]},"isOpenForOrder":true,"isOpenForPreorder":true,"isScooberRestaurant":false,"durationRange":{},"closestOpeningDayOffset":0,"closestOpeningTime":720,"baseWorkingTimeMinutes":15,"orderTimeSchedule":[{"StartTime":"00:00:00","EndTime":"1.00:00:00","LowerBound":15,"UpperBound":20}]},"rating":{"votes":0,"score":0},"uniqueSlug":"eethuis-peris","supports":{"delivery":true,"pickup":true},"minisiteUrl":"","summary":{"title":null,"content":null,"isAvailable":false},"restaurantPhoneNumber":"0362060712","nutritionInfo":{"allergenUrl":null,"allergenPhoneNumber":"0362060712"},"basketLimit":1.7976931348623157e+308,"primaryCuisine":"turks-eten","imageRatio":{"category":0.5,"item":0.04},"responseTime":22,"retryTime":0},"isClosing":false,"isLoading":false,"isInitialFetchSucceeded":true,"isInitialManifestFetchSucceeded":false}},"navigation":{"navigation":{"previousRoute":{"pageName":"","pathname":"","path":"","queryString":"","queryParams":{},"pathParams":{},"hash":"","shallow":false},"currentRoute":{"pageName":"/menu","pathname":"/menu/eethuis-peris","path":"/menu/eethuis-peris","queryString":"","queryParams":{},"pathParams":{"restaurantSlug":"eethuis-peris"},"hash":"","shallow":false},"upcomingRoute":{"pageName":"","pathname":"","path":"","queryString":"","queryParams":{},"pathParams":{},"hash":"","shallow":false},"isPageLoading":false},"confirmation":{"isRequired":false,"origin":""}},"notification":{"mode":"UNKNOWN_ERROR","code":null,"isNotificationShown":false,"additionalParams":{}},"order":{"list":{},"orderPage":{"selectedOrderId":null},"tipping":{"paymentOptions":{"methods":[],"issuers":{}},"arePaymentOptionsFetched":false,"isTippingInfoModalOpen":false,"isTippingPaymentModalOpen":false,"isPollingActiveForTippingRequestIds":{},"selectedOption":{"value":"","tipAmount":0},"tipAmount":{},"tippingLoaded":{}},"reviewPage":{"isSubmittedScreenRequired":false,"orderId":null},"reviewForm":{"formDetails":{},"isReviewSubmitted":false},"restaurants":{},"reOrder":{"reOrderRestorationStarted":false,"orderId":null},"orderRestoration":{"isOrderRestored":false}},"page":{"pendingTasks":[]},"payments":{"standardisedPayments":[],"isLoading":false,"isFetchingRequired":true,"isIdealV2":false},"payment":{"isSettingPreferredPayment":false,"preferredPaymentError":null},"selectedFilters":{},"selectedLocation":{"address":{"currentLocation":{"address":{"city":"","country":"","deliveryAreaId":"","district":"","lat":null,"lng":null,"locationSlug":"","placeId":"","postalCode":"","state":"","street":"","streetNumber":"","streetAddress":"","takeawayPostalCode":"","streetNumberOrBuilding":"","addressSource":"deepLink","geocodeSource":"deepLink","deviceAccuracy":null,"addressGeocodeAccuracy":null,"floor":"","formattedAddress":"","id":"","timeZone":""},"shippingDetails":{"accessCode":"","apartmentName":"","block":"","taxId":"","companyName":"","door":"","entrance":"","flatNumber":"","floor":"","intercom":"","phoneNumber":"","premise":"","line2":"","line3":""},"savedAddressId":""},"currentArea":{"city":"","country":"","deliveryAreaId":"","district":"","lat":null,"lng":null,"locationSlug":"","placeId":"","postalCode":"","state":"","street":"","streetNumber":"","streetAddress":"","takeawayPostalCode":"","streetNumberOrBuilding":"","addressSource":"deepLink","geocodeSource":"deepLink","deviceAccuracy":null,"addressGeocodeAccuracy":null,"floor":"","formattedAddress":"","id":"","timeZone":""},"isRestorationProcessFinished":false,"isRestoredAsNew":false,"isPartiallyRestored":false,"recentlySelectedLocations":[]}},"shippingInfo":{"isLoaded":false,"isFetchFinished":false,"shippingInfo":{"delivery":{"deliveryFeeRanges":[],"duration":0,"minOrderValue":0,"deliveryAreaId":null},"pickup":{"deliveryFeeRanges":[],"duration":0,"minOrderValue":0,"deliveryAreaId":null},"inDeliveryArea":false,"supports":{"delivery":false,"pickup":false}}},"shippingType":{"isDetected":true,"selectedShippingType":"delivery","previousShippingType":null},"testRestaurantsVisibility":{"isShowTestRestaurantsEnabled":false},"tracking":{"sdk":{"isPending":false,"isLoaded":false,"isControllerInitialized":false,"isSnowplowInitialized":false},"events":{"isPageViewSent":false},"navigation":{"fallbackLocationSlug":null},"timing":{"timings":{"menuSSRStart":{"id":"menuSSRStart","timestamp":21583953.958322},"beforeFetchInitialRestaurantDataSSR":{"id":"beforeFetchInitialRestaurantDataSSR","timestamp":21583954.049734,"from":"menuSSRStart"},"beforeLoadSecondaryDataIsomorphic":{"id":"beforeLoadSecondaryDataIsomorphic","timestamp":21583992.680162,"from":"menuSSRStart"},"afterProcessReorderData":{"id":"afterProcessReorderData","timestamp":21583994.429385,"from":"menuSSRStart"}},"timingsBuffer":["beforeFetchInitialRestaurantDataSSR","beforeLoadSecondaryDataIsomorphic","afterProcessReorderData"]}},"user":{"auth":{"validationError":{},"authNotification":{"mode":"info","code":null,"translationParams":{}},"restoration":{"isRestorationFinished":false},"twoFactorAuth":{"isAuthenticatingWithOIDC":false,"verificationCodeSentAt":null,"isVerificationCodeSent":false,"isCodeExpired":false,"authEmail":"","codeTimeToLiveInMinutes":30},"facebookAuth":{"isPending":false},"googleAuth":{"isPending":false},"forgotPasswordResetConfirmation":{"isModalOpen":false,"request":{"resetToken":"","emailAddress":""}}},"connections":{"list":[],"isFetched":false,"isFetching":false},"locations":{"deviceLocation":{"list":[],"isDetected":false,"isFinished":false,"isDeviceLocatedInCurrentCountry":false},"savedAddresses":{"list":[],"addressBook":[],"isFetched":false}},"paymentPreferences":{"stored":[],"lastUsed":null,"takeawayPay":{"details":{"cardNumber":"","currentAllowance":0,"referenceValidationType":"Optional","totalAllowance":0},"isCurrentlyAvailable":false,"isFetched":false,"restrictionDetails":{"availableBalance":0,"notification":{"displayMode":"info","displayText":""}}},"isFetchFinished":false},"privacySettings":{"isRestored":false,"isDisabled":true,"isAnalytical":false,"isFunctional":false,"isPersonalized":false},"session":{"id":"a77af715-cf25-4c51-859a-c2849f1f4eca"},"stampCards":{"list":[],"isFetching":false,"isFetched":false,"isFetchFailed":false},"vouchers":{"list":[],"isFetched":false,"isFetching":false},"giftCards":{"accountCredit":0,"accountCreditStatus":"pending","accountCreditError":null,"redeemStatus":"pending","redeemError":null},"stampCardsPanel":{"stampCardsActiveTab":"yourStampCards"},"orders":{"list":[],"hasMore":true,"nextPage":1,"isFetched":false,"isFetching":false,"scrollEnabled":false},"rewards":{"activeCampaignId":null},"memberships":{"selectedMembershipId":"deliveryPass","memberships":[],"faqs":[],"benefits":[],"cancellationStatus":"CANCELLATION_STATUS_VOID","cancellationAttempts":0,"isLoading":false}},"virtualNavigation":{"previousRoute":"","upcomingRoute":"","history":[],"previousHistory":[]},"inactiveRestaurantVisibility":{"isShowInactiveRestaurantEnabled":false},"promotion":{"isOpen":false},"membershipBenefit":{"isMembershipBenefitInfoModalOpen":false}},"account":{"accountLinking":{"isBenefitRequested":false,"isBenefitActivated":false,"isCreateConnectionTokenFetched":false,"isOAuthCallbackPageFinished":false},"favourites":{"list":[],"areFetched":false},"detailedFavourites":{"list":[],"isFetching":false,"isFetched":false},"email":{"changeConfirmation":{"hasFormInteractionBeenStarted":false,"isModalOpen":false,"isModalVisible":false,"info":{"changeToken":"","currentEmailAddress":"","newEmailAddress":""}}},"updateEmail":{"emailFormInlineError":null,"emailVerificationFormInlineError":null},"statuses":{"areBonusPointsFetched":false,"isAuthenticated":false,"isDataComplete":false,"isFetched":false,"isFetching":false,"isSignedIn":false,"isNewsletterFetched":false,"signInType":null,"isNewsletterUpdating":false},"info":{"id":"","lastName":"","firstName":"","fullName":"","email":"","phoneNumber":"","hasTakeawayPay":false,"bonusPoints":{"points":0},"newsletter":{"isEmailAccepted":false,"isSMSAccepted":false,"isDefaultBehaviour":false},"migratedSk":false,"isFetched":false},"tracking":{"hasSentCreateAccountStartedEvent":false},"selfExclusion":{"selectedOption":"","isFetching":false,"isFetched":false,"hasFetchFailed":false,"hasUpdateSucceeded":false,"expiryDate":""},"forgotPassword":{"isFetching":false,"isFetched":false,"showForgotPasswordConfirmation":false},"deleteAccount":{"isDeletingAccount":false}},"menu":{"restaurant":{"aboutModal":{"isDeliveryFeeRangesRequested":false,"isRestoreViewModeSucceeded":false},"ageVerificationModal":{"ageRestriction":{},"cartItem":{}},"categoryNavigation":{"isLoading":false,"loadedCategories":[],"activeCategoryNavigationIndex":0},"cdn":{"restaurant":{"httpStatusCode":200,"menuVersion":"PEts56e02WRDeKo6VMUMsMfLA599m89l","restaurantId":"4164928","countryCode":"nl","restaurantInfo":{"name":"Pideci Almere","seoName":"eethuis-peris","email":"services2gobv@gmail.com","description":"","logoUrl":"https://res.cloudinary.com/tkwy-prod-eu/image/upload/c_pad,h_100,w_100/v1747642038/static-takeaway-com/images/restaurants/nl/OQ7ORON1/logo_465x320.png","bannerUrl":"https://res.cloudinary.com/tkwy-prod-eu/image/upload/{transformations}/v1747642038/static-takeaway-com/images/generic/heroes/511/511_turkish_mediterean_36.jpg","alcoholLicenseId":null,"isOffline":false,"allergenPhoneNumber":"0362060712","allergenUrl":null,"location":{"address":"Zadelmakerstraat 51","postCode":"1315AN","city":"Almere","latitude":52.368397,"longitude":5.21626},"colophon":{"restaurantName":"Pideci Almere","customerFacingEmail":"services2gobv@gmail.com","legalAddress":{"address":"Zadelmakerstraat 51","postCode":"1315AN","city":"Almere","latitude":0,"longitude":0},"disputeResolutionLink":"https://ec.europa.eu/consumers/odr","traderStatusLink":"https://www.thuisbezorgd.nl/klantenservice/artikel/wat-is-de-status-van-restaurants-welke-samenwerken"},"timeZone":"Europe/Warsaw","newUntilDate":"2024-08-09T10:33:48+00:00","tags":[],"cuisineTypes":[{"id":"72","name":"Turks","seoName":"turks-eten","language":"nl"},{"id":"87","name":"Kapsalon","seoName":"kapsalon","language":"nl"},{"id":"13","name":"100% Halal","seoName":"100-procent-halal","language":"nl"}],"isHalal":false,"restaurantOpeningTimes":[{"serviceType":"delivery","timesPerDay":[{"dayOfWeek":"Sunday","times":[{"fromLocalTime":"12:00","toLocalTime":"23:45"}]},{"dayOfWeek":"Monday","times":[{"fromLocalTime":"12:00","toLocalTime":"23:45"}]},{"dayOfWeek":"Tuesday","times":[{"fromLocalTime":"12:00","toLocalTime":"23:45"}]},{"dayOfWeek":"Wednesday","times":[{"fromLocalTime":"12:00","toLocalTime":"23:45"}]},{"dayOfWeek":"Thursday","times":[{"fromLocalTime":"12:00","toLocalTime":"23:45"}]},{"dayOfWeek":"Friday","times":[{"fromLocalTime":"12:00","toLocalTime":"23:45"}]},{"dayOfWeek":"Saturday","times":[{"fromLocalTime":"12:00","toLocalTime":"23:45"}]}]},{"serviceType":"collection","timesPerDay":[{"dayOfWeek":"Sunday","times":[{"fromLocalTime":"12:00","toLocalTime":"23:45"}]},{"dayOfWeek":"Monday","times":[{"fromLocalTime":"12:00","toLocalTime":"23:45"}]},{"dayOfWeek":"Tuesday","times":[{"fromLocalTime":"12:00","toLocalTime":"23:45"}]},{"dayOfWeek":"Wednesday","times":[{"fromLocalTime":"12:00","toLocalTime":"23:45"}]},{"dayOfWeek":"Thursday","times":[{"fromLocalTime":"12:00","toLocalTime":"23:45"}]},{"dayOfWeek":"Friday","times":[{"fromLocalTime":"12:00","toLocalTime":"23:45"}]},{"dayOfWeek":"Saturday","times":[{"fromLocalTime":"12:00","toLocalTime":"23:45"}]}]}],"energyUnits":"none","storeFrontType":"Restaurant","isTestRestaurant":false,"isCertifiedPharmacy":false,"pharmacyLicenses":[{"languageCode":"nl","licenseUrl":"https://www.aanbiedersmedicijnen.nl/aanbieders/aanbiederslijst","logoUrl":"https://just-eat-prod-eu-res.cloudinary.com/image/upload/all/pharmacy-logos/pharma-license-logo-nl"}],"features":["ItemLevelNotes"]},"menus":[{"menuGroupId":"nl:4164928:08e88e472cf8b90b0f64aa3bb3da4bee134f175c","description":"","serviceTypes":["collection"],"schedules":[{"dayOfWeek":"Sunday","times":[{"fromLocalTime":"12:00:00","toLocalTime":"23:44:59"}],"baseWorkingTimeMinutes":15,"orderTimeSchedule":[{"startTime":"00:00:00","endTime":"1.00:00:00","lowerBound":15,"upperBound":20}]},{"dayOfWeek":"Monday","times":[{"fromLocalTime":"12:00:00","toLocalTime":"23:44:59"}],"baseWorkingTimeMinutes":15,"orderTimeSchedule":[{"startTime":"00:00:00","endTime":"1.00:00:00","lowerBound":15,"upperBound":20}]},{"dayOfWeek":"Tuesday","times":[{"fromLocalTime":"12:00:00","toLocalTime":"23:44:59"}],"baseWorkingTimeMinutes":15,"orderTimeSchedule":[{"startTime":"00:00:00","endTime":"1.00:00:00","lowerBound":15,"upperBound":20}]},{"dayOfWeek":"Wednesday","times":[{"fromLocalTime":"12:00:00","toLocalTime":"23:44:59"}],"baseWorkingTimeMinutes":15,"orderTimeSchedule":[{"startTime":"00:00:00","endTime":"1.00:00:00","lowerBound":15,"upperBound":20}]},{"dayOfWeek":"Thursday","times":[{"fromLocalTime":"12:00:00","toLocalTime":"23:44:59"}],"baseWorkingTimeMinutes":15,"orderTimeSchedule":[{"startTime":"00:00:00","endTime":"1.00:00:00","lowerBound":15,"upperBound":20}]},{"dayOfWeek":"Friday","times":[{"fromLocalTime":"12:00:00","toLocalTime":"23:44:59"}],"baseWorkingTimeMinutes":15,"orderTimeSchedule":[{"startTime":"00:00:00","endTime":"1.00:00:00","lowerBound":15,"upperBound":20}]},{"dayOfWeek":"Saturday","times":[{"fromLocalTime":"12:00:00","toLocalTime":"23:44:59"}],"baseWorkingTimeMinutes":15,"orderTimeSchedule":[{"startTime":"00:00:00","endTime":"1.00:00:00","lowerBound":15,"upperBound":20}]}],"categories":[{"id":"29875190","name":"Broodjes en wraps","description":"Met salade en saus","preview":"Broodje sucuk dÃ¶ner, DÃ¼rÃ¼m sucuk dÃ¶ner, Broodje shoarma, Broodje kÃ¶fte, Wrap shoarma","itemIds":["335115620","335115630-PICKUP","335115650","596602193","335115640","937793143"],"parentIds":null,"imageSources":[]},{"id":"29875180","name":"Voorgerechten","description":"1 stuk is iets langer dan 1 meter","preview":"Garnalen, Calamaris, Manti, Portie patat, Kipnuggets","itemIds":["335115270","335115280","335115290","335115300","937839233"],"parentIds":null,"imageSources":[]},{"id":"29875200","name":"Kapsalon","description":"Keuze uit Turkse rijst of patat. Met salade en saus","preview":"Kapsalon shoarma, Kapsalon sucuk, Kapsalon shoarma, Kapsalon kÃ¶fte, Kapsalon kipfilet","itemIds":["335116100","335116110","335116120-PICKUP","335116130-PICKUP","595123133"],"parentIds":null,"imageSources":[]},{"id":"29875210","name":"Stoofpot","description":"Keuze uit patat of Turkse rijst. Met salade en saus","preview":"Stoofpot champignons gevuld met kaas, Stoofpot met kÃ¶fte en kaas, Stoofpot met kipfilet en kaas","itemIds":["335122880","335122890","335122900"],"parentIds":null,"imageSources":[]},{"id":"29875220","name":"Pide's","description":"Turkse pide ongeveer 1 meter lang, per stuk","preview":"Etli ekmek, Mevlana pide, Bicak arasi pide, Recai pide, Tavuklu pide","itemIds":["335124720","335124730","335124740","335124760","335124750","335124770","335124780","335124790","335124800","335124810","335124820","335124830","937815903","937816763","937818543","937835033","937836683"],"parentIds":null,"imageSources":[{"path":"https://just-eat-prod-eu-res.cloudinary.com/image/upload/c_fill,q_auto,{transformations}/v1/nl/dishes/4164928/f8d17c2f3c8d68ab1d539047f80c6f23","source":"Cloudinaryv2"}]},{"id":"29875230","name":"DÃ¼rÃ¼m wraps","description":"Met salade en saus","preview":"DÃ¼rÃ¼m kalfsdÃ¶ner, DÃ¼rÃ¼m kipdÃ¶ner, DÃ¼rÃ¼m kip en kalf, DÃ¼rÃ¼m kÃ¶fte, DÃ¼rÃ¼m shoarma","itemIds":["335125040","335125050","631820046","335125070","335125060","595955643"],"parentIds":null,"imageSources":[]},{"id":"29875240","name":"Schotels","description":"Keuze uit patat of Turkse rijst, pitabroodje, salade en saus","preview":"Sucuk dÃ¶ner schotel, KipdÃ¶ner schotel, Shoarma schotel, KÃ¶fte schotel, Kipfilet schotel","itemIds":["335125280","335125290","335125300","335125310","595955753"],"parentIds":null,"imageSources":[]},{"id":"29875250","name":"Soepen","description":"","preview":"Linzensoep, Kippensoep, Chef special soep","itemIds":["335126020-PICKUP","335126030-PICKUP","335126040"],"parentIds":null,"imageSources":[]},{"id":"29875260","name":"Snacks","description":"","preview":"Patat klein, Patat groot, Patat speciaal, Kipcorn, KaassoufflÃ©","itemIds":["335127980","335127990","335128000","595124123","595123483","595146663","595146693","595146783"],"parentIds":null,"imageSources":[]},{"id":"29875290","name":"Zoetigheid","description":"","preview":"Baklava, Sutlac, Kunefe, Katmer","itemIds":["335128210","937912293","937912313","937912323"],"parentIds":null,"imageSources":[]},{"id":"28894468","name":"Sauzen","description":"","preview":"Knoflooksaus, Sambal, Chilisaus, Mayonaise, Ketchup","itemIds":["335112580","335112590","335112600","335112610","335112620","335112630","335128860"],"parentIds":null,"imageSources":[]},{"id":"28600508","name":"Frisdranken","description":"","preview":"Coca-Cola 330ml, Coca-Cola light 330ml, Coca-Cola zero sugar 330ml, Fanta orange 330ml, Sprite 330ml","itemIds":["335129660","335129670","335129680","335129690","335129720","335129700","335129710","592305003","592305013","335129730","335129740","335129750","335129790","335129780","335129760","335129800","335129770","335133300","335133370","335133380","335133330","335133340","335133360","335133350","335133390","335133310","335133320","335133400"],"parentIds":null,"imageSources":[{"path":"https://just-eat-prod-eu-res.cloudinary.com/image/upload/c_fill,q_auto,{transformations}/v1/nl/dishes/4164928/4a026cd376a9a486f58cecf456d5ebe4","source":"Cloudinaryv2"}]}],"preOrderEnabledTimes":[{"dayOfWeek":"Sunday","times":[{"fromLocalTime":"00:00:00","toLocalTime":"11:59:59"}]},{"dayOfWeek":"Monday","times":[{"fromLocalTime":"00:00:00","toLocalTime":"11:59:59"}]},{"dayOfWeek":"Tuesday","times":[{"fromLocalTime":"00:00:00","toLocalTime":"11:59:59"}]},{"dayOfWeek":"Wednesday","times":[{"fromLocalTime":"00:00:00","toLocalTime":"11:59:59"}]},{"dayOfWeek":"Thursday","times":[{"fromLocalTime":"00:00:00","toLocalTime":"11:59:59"}]},{"dayOfWeek":"Friday","times":[{"fromLocalTime":"00:00:00","toLocalTime":"11:59:59"}]},{"dayOfWeek":"Saturday","times":[{"fromLocalTime":"00:00:00","toLocalTime":"11:59:59"}]}],"hasManyCategoryImages":false,"hasManyProductImages":false},{"menuGroupId":"nl:4164928:809a9a921d448d4291f0aee769c00edc915c32d3","description":"","serviceTypes":["delivery"],"schedules":[{"dayOfWeek":"Sunday","times":[{"fromLocalTime":"12:00:00","toLocalTime":"23:44:59"}],"baseWorkingTimeMinutes":45,"orderTimeSchedule":[{"startTime":"00:00:00","endTime":"1.00:00:00","lowerBound":35,"upperBound":50}]},{"dayOfWeek":"Monday","times":[{"fromLocalTime":"12:00:00","toLocalTime":"23:44:59"}],"baseWorkingTimeMinutes":45,"orderTimeSchedule":[{"startTime":"00:00:00","endTime":"1.00:00:00","lowerBound":35,"upperBound":50}]},{"dayOfWeek":"Tuesday","times":[{"fromLocalTime":"12:00:00","toLocalTime":"23:44:59"}],"baseWorkingTimeMinutes":45,"orderTimeSchedule":[{"startTime":"00:00:00","endTime":"1.00:00:00","lowerBound":35,"upperBound":50}]},{"dayOfWeek":"Wednesday","times":[{"fromLocalTime":"12:00:00","toLocalTime":"23:44:59"}],"baseWorkingTimeMinutes":45,"orderTimeSchedule":[{"startTime":"00:00:00","endTime":"1.00:00:00","lowerBound":35,"upperBound":50}]},{"dayOfWeek":"Thursday","times":[{"fromLocalTime":"12:00:00","toLocalTime":"23:44:59"}],"baseWorkingTimeMinutes":45,"orderTimeSchedule":[{"startTime":"00:00:00","endTime":"1.00:00:00","lowerBound":35,"upperBound":50}]},{"dayOfWeek":"Friday","times":[{"fromLocalTime":"12:00:00","toLocalTime":"23:44:59"}],"baseWorkingTimeMinutes":45,"orderTimeSchedule":[{"startTime":"00:00:00","endTime":"1.00:00:00","lowerBound":35,"upperBound":50}]},{"dayOfWeek":"Saturday","times":[{"fromLocalTime":"12:00:00","toLocalTime":"23:44:59"}],"baseWorkingTimeMinutes":45,"orderTimeSchedule":[{"startTime":"00:00:00","endTime":"1.00:00:00","lowerBound":35,"upperBound":50}]}],"categories":[{"id":"29875190","name":"Broodjes en wraps","description":"Met salade en saus","preview":"Broodje sucuk dÃ¶ner, DÃ¼rÃ¼m sucuk dÃ¶ner, Broodje shoarma, Broodje kÃ¶fte, Wrap shoarma","itemIds":["335115620","335115630-DELIVERY","335115650","596602193","335115640","937793143"],"parentIds":null,"imageSources":[]},{"id":"29875180","name":"Voorgerechten","description":"1 stuk is iets langer dan 1 meter","preview":"Garnalen, Calamaris, Manti, Portie patat, Kipnuggets","itemIds":["335115270","335115280","335115290","335115300","937839233"],"parentIds":null,"imageSources":[]},{"id":"29875200","name":"Kapsalon","description":"Keuze uit Turkse rijst of patat. Met salade en saus","preview":"Kapsalon shoarma, Kapsalon sucuk, Kapsalon shoarma, Kapsalon kÃ¶fte, Kapsalon kipfilet","itemIds":["335116100","335116110","335116120-DELIVERY","335116130-DELIVERY","595123133"],"parentIds":null,"imageSources":[]},{"id":"29875210","name":"Stoofpot","description":"Keuze uit patat of Turkse rijst. Met salade en saus","preview":"Stoofpot champignons gevuld met kaas, Stoofpot met kÃ¶fte en kaas, Stoofpot met kipfilet en kaas","itemIds":["335122880","335122890","335122900"],"parentIds":null,"imageSources":[]},{"id":"29875220","name":"Pide's","description":"Turkse pide ongeveer 1 meter lang, per stuk","preview":"Etli ekmek, Mevlana pide, Bicak arasi pide, Recai pide, Tavuklu pide","itemIds":["335124720","335124730","335124740","335124760","335124750","335124770","335124780","335124790","335124800","335124810","335124820","335124830","937815903","937816763","937818543","937835033","937836683"],"parentIds":null,"imageSources":[{"path":"https://just-eat-prod-eu-res.cloudinary.com/image/upload/c_fill,q_auto,{transformations}/v1/nl/dishes/4164928/f8d17c2f3c8d68ab1d539047f80c6f23","source":"Cloudinaryv2"}]},{"id":"29875230","name":"DÃ¼rÃ¼m wraps","description":"Met salade en saus","preview":"DÃ¼rÃ¼m kalfsdÃ¶ner, DÃ¼rÃ¼m kipdÃ¶ner, DÃ¼rÃ¼m kip en kalf, DÃ¼rÃ¼m kÃ¶fte, DÃ¼rÃ¼m shoarma","itemIds":["335125040","335125050","631820046","335125070","335125060","595955643"],"parentIds":null,"imageSources":[]},{"id":"29875240","name":"Schotels","description":"Keuze uit patat of Turkse rijst, pitabroodje, salade en saus","preview":"Sucuk dÃ¶ner schotel, KipdÃ¶ner schotel, Shoarma schotel, KÃ¶fte schotel, Kipfilet schotel","itemIds":["335125280","335125290","335125300","335125310","595955753"],"parentIds":null,"imageSources":[]},{"id":"29875250","name":"Soepen","description":"","preview":"Linzensoep, Kippensoep, Chef special soep","itemIds":["335126020-DELIVERY","335126030-DELIVERY","335126040"],"parentIds":null,"imageSources":[]},{"id":"29875260","name":"Snacks","description":"","preview":"Patat klein, Patat groot, Patat speciaal, Kipcorn, KaassoufflÃ©","itemIds":["335127980","335127990","335128000","595124123","595123483","595146663","595146693","595146783"],"parentIds":null,"imageSources":[]},{"id":"29875290","name":"Zoetigheid","description":"","preview":"Baklava, Sutlac, Kunefe, Katmer","itemIds":["335128210","937912293","937912313","937912323"],"parentIds":null,"imageSources":[]},{"id":"28894468","name":"Sauzen","description":"","preview":"Knoflooksaus, Sambal, Chilisaus, Mayonaise, Ketchup","itemIds":["335112580","335112590","335112600","335112610","335112620","335112630","335128860"],"parentIds":null,"imageSources":[]},{"id":"28600508","name":"Frisdranken","description":"","preview":"Coca-Cola 330ml, Coca-Cola light 330ml, Coca-Cola zero sugar 330ml, Fanta orange 330ml, Sprite 330ml","itemIds":["335129660","335129670","335129680","335129690","335129720","335129700","335129710","592305003","592305013","335129730","335129740","335129750","335129790","335129780","335129760","335129800","335129770","335133300","335133370","335133380","335133330","335133340","335133360","335133350","335133390","335133310","335133320","335133400"],"parentIds":null,"imageSources":[{"path":"https://just-eat-prod-eu-res.cloudinary.com/image/upload/c_fill,q_auto,{transformations}/v1/nl/dishes/4164928/4a026cd376a9a486f58cecf456d5ebe4","source":"Cloudinaryv2"}]}],"preOrderEnabledTimes":[{"dayOfWeek":"Sunday","times":[{"fromLocalTime":"00:00:00","toLocalTime":"11:59:59"}]},{"dayOfWeek":"Monday","times":[{"fromLocalTime":"00:00:00","toLocalTime":"11:59:59"}]},{"dayOfWeek":"Tuesday","times":[{"fromLocalTime":"00:00:00","toLocalTime":"11:59:59"}]},{"dayOfWeek":"Wednesday","times":[{"fromLocalTime":"00:00:00","toLocalTime":"11:59:59"}]},{"dayOfWeek":"Thursday","times":[{"fromLocalTime":"00:00:00","toLocalTime":"11:59:59"}]},{"dayOfWeek":"Friday","times":[{"fromLocalTime":"00:00:00","toLocalTime":"11:59:59"}]},{"dayOfWeek":"Saturday","times":[{"fromLocalTime":"00:00:00","toLocalTime":"11:59:59"}]}],"hasManyCategoryImages":false,"hasManyProductImages":false}],"itemsUrl":"eethuis-peris_nl_items.json","itemDetailsUrl":"eethuis-peris_nl_itemDetails.json","truncatedUrl":null,"language":"nl","fallbackLanguage":"en","supportedLanguages":[{"language":"nl","manifestUrl":"eethuis-peris_nl_manifest.json"},{"language":"en","manifestUrl":"eethuis-peris_nl_manifest_en.json"}],"logPerformance":true,"responseTime":22,"retryTime":0,"additionalData":{"restaurantId":"4164928","restaurantName":"Pideci Almere","storeFrontType":"Restaurant","isTestRestaurant":false,"seoName":"eethuis-peris"}},"truncatedItems":{},"items":{"335112580":{"id":"335112580","name":"Knoflooksaus","description":null,"imageSources":[],"type":"menuitem","labels":[],"variations":[{"id":"335112580","name":"","type":"NoVariation","basePrice":1,"dealOnly":false,"menuGroupIds":["nl:4164928:08e88e472cf8b90b0f64aa3bb3da4bee134f175c","nl:4164928:809a9a921d448d4291f0aee769c00edc915c32d3"],"modifierGroupsIds":[],"dealGroupsIds":null,"nutritionalInfo":null,"numberOfServings":null,"restrictions":null}],"restrictions":null,"energyContent":{"energyDisplay":""},"numberOfServings":{"servingsDisplay":""},"hasVariablePrice":false,"hasVariableEnergyContent":false,"energyUnits":"none","hasVariableServings":false},"335112590":{"id":"335112590","name":"Sambal","description":null,"imageSources":[],"type":"menuitem","labels":[],"variations":[{"id":"335112590","name":"","type":"NoVariation","basePrice":1,"dealOnly":false,"menuGroupIds":["nl:4164928:08e88e472cf8b90b0f64aa3bb3da4bee134f175c","nl:4164928:809a9a921d448d4291f0aee769c00edc915c32d3"],"modifierGroupsIds":[],"dealGroupsIds":null,"nutritionalInfo":null,"numberOfServings":null,"restrictions":null}],"restrictions":null,"energyContent":{"energyDisplay":""},"numberOfServings":{"servingsDisplay":""},"hasVariablePrice":false,"hasVariableEnergyContent":false,"energyUnits":"none","hasVariableServings":false},"335112600":{"id":"335112600","name":"Chilisaus","description":null,"imageSources":[],"type":"menuitem","labels":[],"variations":[{"id":"335112600","name":"","type":"NoVariation","basePrice":1,"dealOnly":false,"menuGroupIds":["nl:4164928:08e88e472cf8b90b0f64aa3bb3da4bee134f175c","nl:4164928:809a9a921d448d4291f0aee769c00edc915c32d3"],"modifierGroupsIds":[],"dealGroupsIds":null,"nutritionalInfo":null,"numberOfServings":null,"restrictions":null}],"restrictions":null,"energyContent":{"energyDisplay":""},"numberOfServings":{"servingsDisplay":""},"hasVariablePrice":false,"hasVariableEnergyContent":false,"energyUnits":"none","hasVariableServings":false},"335112610":{"id":"335112610","name":"Mayonaise","description":null,"imageSources":[],"type":"menuitem","labels":[],"variations":[{"id":"335112610","name":"","type":"NoVariation","basePrice":1,"dealOnly":false,"menuGroupIds":["nl:4164928:08e88e472cf8b90b0f64aa3bb3da4bee134f175c","nl:4164928:809a9a921d448d4291f0aee769c00edc915c32d3"],"modifierGroupsIds":[],"dealGroupsIds":null,"nutritionalInfo":null,"numberOfServings":null,"restrictions":null}],"restrictions":null,"energyContent":{"energyDisplay":""},"numberOfServings":{"servingsDisplay":""},"hasVariablePrice":false,"hasVariableEnergyContent":false,"energyUnits":"none","hasVariableServings":false},"335112620":{"id":"335112620","name":"Ketchup","description":null,"imageSources":[],"type":"menuitem","labels":[],"variations":[{"id":"335112620","name":"","type":"NoVariation","basePrice":1,"dealOnly":false,"menuGroupIds":["nl:4164928:08e88e472cf8b90b0f64aa3bb3da4bee134f175c","nl:4164928:809a9a921d448d4291f0aee769c00edc915c32d3"],"modifierGroupsIds":[],"dealGroupsIds":null,"nutritionalInfo":null,"numberOfServings":null,"restrictions":null}],"restrictions":null,"energyContent":{"energyDisplay":""},"numberOfServings":{"servingsDisplay":""},"hasVariablePrice":false,"hasVariableEnergyContent":false,"energyUnits":"none","hasVariableServings":false},"335112630":{"id":"335112630","name":"Curry saus","description":null,"imageSources":[],"type":"menuitem","labels":[],"variations":[{"id":"335112630","name":"","type":"NoVariation","basePrice":1,"dealOnly":false,"menuGroupIds":["nl:4164928:08e88e472cf8b90b0f64aa3bb3da4bee134f175c","nl:4164928:809a9a921d448d4291f0aee769c00edc915c32d3"],"modifierGroupsIds":[],"dealGroupsIds":null,"nutritionalInfo":null,"numberOfServings":null,"restrictions":null}],"restrictions":null,"energyContent":{"energyDisplay":""},"numberOfServings":{"servingsDisplay":""},"hasVariablePrice":false,"hasVariableEnergyContent":false,"energyUnits":"none","hasVariableServings":false},"335115270":{"id":"335115270","name":"Garnalen","description":"","imageSources":[],"type":"menuitem","labels":[],"variations":[{"id":"335115270","name":"","type":"NoVariation","basePrice":14.5,"dealOnly":false,"menuGroupIds":["nl:4164928:08e88e472cf8b90b0f64aa3bb3da4bee134f175c","nl:4164928:809a9a921d448d4291f0aee769c00edc915c32d3"],"modifierGroupsIds":[],"dealGroupsIds":null,"nutritionalInfo":null,"numberOfServings":null,"restrictions":null}],"restrictions":null,"energyContent":{"energyDisplay":""},"numberOfServings":{"servingsDisplay":""},"hasVariablePrice":false,"hasVariableEnergyContent":false,"energyUnits":"none","hasVariableServings":false},"335115280":{"id":"335115280","name":"Calamaris","description":"","imageSources":[],"type":"menuitem","labels":[],"variations":[{"id":"335115280","name":"","type":"NoVariation","basePrice":8.5,"dealOnly":false,"menuGroupIds":["nl:4164928:08e88e472cf8b90b0f64aa3bb3da4bee134f175c","nl:4164928:809a9a921d448d4291f0aee769c00edc915c32d3"],"modifierGroupsIds":[],"dealGroupsIds":null,"nutritionalInfo":null,"numberOfServings":null,"restrictions":null}],"restrictions":null,"energyContent":{"energyDisplay":""},"numberOfServings":{"servingsDisplay":""},"hasVariablePrice":false,"hasVariableEnergyContent":false,"energyUnits":"none","hasVariableServings":false},"335115290":{"id":"335115290","name":"Manti","description":"","imageSources":[],"type":"menuitem","labels":[],"variations":[{"id":"335115290","name":"","type":"NoVariation","basePrice":8.5,"dealOnly":false,"menuGroupIds":["nl:4164928:08e88e472cf8b90b0f64aa3bb3da4bee134f175c","nl:4164928:809a9a921d448d4291f0aee769c00edc915c32d3"],"modifierGroupsIds":["25014970-5","25014970-2","25014970-3","25014970-4","25014970-7","25014970-6"],"dealGroupsIds":null,"nutritionalInfo":null,"numberOfServings":null,"restrictions":null}],"restrictions":null,"energyContent":{"energyDisplay":""},"numberOfServings":{"servingsDisplay":""},"hasVariablePrice":true,"hasVariableEnergyContent":true,"energyUnits":"none","hasVariableServings":false},"335115300":{"id":"335115300","name":"Portie patat","description":"Met saus","imageSources":[],"type":"menuitem","labels":[],"variations":[{"id":"335115300","name":"","type":"NoVariation","basePrice":4.5,"dealOnly":false,"menuGroupIds":["nl:4164928:08e88e472cf8b90b0f64aa3bb3da4bee134f175c","nl:4164928:809a9a921d448d4291f0aee769c00edc915c32d3"],"modifierGroupsIds":["25014970-5","25014970-2","25014970-3","25014970-4","25014970-7","25014970-6"],"dealGroupsIds":null,"nutritionalInfo":null,"numberOfServings":null,"restrictions":null}],"restrictions":null,"energyContent":{"energyDisplay":""},"numberOfServings":{"servingsDisplay":""},"hasVariablePrice":true,"hasVariableEnergyContent":true,"energyUnits":"none","hasVariableServings":false},"335115620":{"id":"335115620","name":"Broodje sucuk dÃ¶ner","description":"Met salade en saus","imageSources":[],"type":"menuitem","labels":[],"variations":[{"id":"335115620","name":"","type":"NoVariation","basePrice":8.5,"dealOnly":false,"menuGroupIds":["nl:4164928:08e88e472cf8b90b0f64aa3bb3da4bee134f175c","nl:4164928:809a9a921d448d4291f0aee769c00edc915c32d3"],"modifierGroupsIds":[],"dealGroupsIds":null,"nutritionalInfo":null,"numberOfServings":null,"restrictions":null}],"restrictions":null,"energyContent":{"energyDisplay":""},"numberOfServings":{"servingsDisplay":""},"hasVariablePrice":false,"hasVariableEnergyContent":false,"energyUnits":"none","hasVariableServings":false},"335115640":{"id":"335115640","name":"Wrap shoarma","description":"Met salade en saus","imageSources":[],"type":"menuitem","labels":[],"variations":[{"id":"335115640","name":"","type":"NoVariation","basePrice":9.5,"dealOnly":false,"menuGroupIds":["nl:4164928:08e88e472cf8b90b0f64aa3bb3da4bee134f175c","nl:4164928:809a9a921d448d4291f0aee769c00edc915c32d3"],"modifierGroupsIds":["24922290-2","24922290-3","24922290-4","24922290-6","24922290-5"],"dealGroupsIds":null,"nutritionalInfo":null,"numberOfServings":null,"restrictions":null}],"restrictions":null,"energyContent":{"energyDisplay":""},"numberOfServings":{"servingsDisplay":""},"hasVariablePrice":true,"hasVariableEnergyContent":true,"energyUnits":"none","hasVariableServings":false},"335115650":{"id":"335115650","name":"Broodje shoarma","description":"Met salade en saus","imageSources":[],"type":"menuitem","labels":[],"variations":[{"id":"335115650","name":"","type":"NoVariation","basePrice":9.5,"dealOnly":false,"menuGroupIds":["nl:4164928:08e88e472cf8b90b0f64aa3bb3da4bee134f175c","nl:4164928:809a9a921d448d4291f0aee769c00edc915c32d3"],"modifierGroupsIds":["24922290-2","24922290-3","24922290-4","24922290-6","24922290-5"],"dealGroupsIds":null,"nutritionalInfo":null,"numberOfServings":null,"restrictions":null}],"restrictions":null,"energyContent":{"energyDisplay":""},"numberOfServings":{"servingsDisplay":""},"hasVariablePrice":true,"hasVariableEnergyContent":true,"energyUnits":"none","hasVariableServings":false},"335116100":{"id":"335116100","name":"Kapsalon shoarma","description":"","imageSources":[],"type":"menuitem","labels":[],"variations":[{"id":"335116100","name":"","type":"NoVariation","basePrice":11.5,"dealOnly":false,"menuGroupIds":["nl:4164928:08e88e472cf8b90b0f64aa3bb3da4bee134f175c","nl:4164928:809a9a921d448d4291f0aee769c00edc915c32d3"],"modifierGroupsIds":["24922330-5","24922330-6","24922330-2","24922330-3","24922330-4","24922330-7"],"dealGroupsIds":null,"nutritionalInfo":null,"numberOfServings":null,"restrictions":null}],"restrictions":null,"energyContent":{"energyDisplay":""},"numberOfServings":{"servingsDisplay":""},"hasVariablePrice":true,"hasVariableEnergyContent":true,"energyUnits":"none","hasVariableServings":false},"335116110":{"id":"335116110","name":"Kapsalon sucuk","description":"Turkse worst","imageSources":[],"type":"menuitem","labels":[],"variations":[{"id":"335116110","name":"","type":"NoVariation","basePrice":11.5,"dealOnly":false,"menuGroupIds":["nl:4164928:08e88e472cf8b90b0f64aa3bb3da4bee134f175c","nl:4164928:809a9a921d448d4291f0aee769c00edc915c32d3"],"modifierGroupsIds":["24922330-5","24922330-6","24922330-2","24922330-3","24922330-4","24922330-7"],"dealGroupsIds":null,"nutritionalInfo":null,"numberOfServings":null,"restrictions":null}],"restrictions":null,"energyContent":{"energyDisplay":""},"numberOfServings":{"servingsDisplay":""},"hasVariablePrice":true,"hasVariableEnergyContent":true,"energyUnits":"none","hasVariableServings":false},"335122880":{"id":"335122880","name":"Stoofpot champignons gevuld met kaas","description":"","imageSources":[],"type":"menuitem","labels":[],"variations":[{"id":"335122880","name":"","type":"NoVariation","basePrice":9.5,"dealOnly":false,"menuGroupIds":["nl:4164928:08e88e472cf8b90b0f64aa3bb3da4bee134f175c","nl:4164928:809a9a921d448d4291f0aee769c00edc915c32d3"],"modifierGroupsIds":["24922440-5","24922440-6","24922440-2","24922440-3","24922440-4","24922440-7"],"dealGroupsIds":null,"nutritionalInfo":null,"numberOfServings":null,"restrictions":null}],"restrictions":null,"energyContent":{"energyDisplay":""},"numberOfServings":{"servingsDisplay":""},"hasVariablePrice":true,"hasVariableEnergyContent":true,"energyUnits":"none","hasVariableServings":false},"335122890":{"id":"335122890","name":"Stoofpot met kÃ¶fte en kaas","description":"","imageSources":[],"type":"menuitem","labels":[],"variations":[{"id":"335122890","name":"","type":"NoVariation","basePrice":19.5,"dealOnly":false,"menuGroupIds":["nl:4164928:08e88e472cf8b90b0f64aa3bb3da4bee134f175c","nl:4164928:809a9a921d448d4291f0aee769c00edc915c32d3"],"modifierGroupsIds":["24922440-5","24922440-6","24922440-2","24922440-3","24922440-4","24922440-7"],"dealGroupsIds":null,"nutritionalInfo":null,"numberOfServings":null,"restrictions":null}],"restrictions":null,"energyContent":{"energyDisplay":""},"numberOfServings":{"servingsDisplay":""},"hasVariablePrice":true,"hasVariableEnergyContent":true,"energyUnits":"none","hasVariableServings":false},"335122900":{"id":"335122900","name":"Stoofpot met kipfilet en kaas","description":"","imageSources":[],"type":"menuitem","labels":[],"variations":[{"id":"335122900","name":"","type":"NoVariation","basePrice":17.5,"dealOnly":false,"menuGroupIds":["nl:4164928:08e88e472cf8b90b0f64aa3bb3da4bee134f175c","nl:4164928:809a9a921d448d4291f0aee769c00edc915c32d3"],"modifierGroupsIds":["24922460-5","24922460-6","24922460-2","24922460-3","24922460-4","24922460-7"],"dealGroupsIds":null,"nutritionalInfo":null,"numberOfServings":null,"restrictions":null}],"restrictions":null,"energyContent":{"energyDisplay":""},"numberOfServings":{"servingsDisplay":""},"hasVariablePrice":true,"hasVariableEnergyContent":true,"energyUnits":"none","hasVariableServings":false},"335124720":{"id":"335124720","name":"Etli ekmek","description":"Verse pide met gehakt, meter lang en origineel","imageSources":[{"path":"https://just-eat-prod-eu-res.cloudinary.com/image/upload/c_fill,q_auto,{transformations}/v1/nl/dishes/4164928/f8d17c2f3c8d68ab1d539047f80c6f23","source":"Cloudinaryv2"}],"type":"menuitem","labels":[],"variations":[{"id":"335124720","name":"","type":"NoVariation","basePrice":12.95,"dealOnly":false,"menuGroupIds":["nl:4164928:08e88e472cf8b90b0f64aa3bb3da4bee134f175c","nl:4164928:809a9a921d448d4291f0aee769c00edc915c32d3"],"modifierGroupsIds":["56511528-2"],"dealGroupsIds":null,"nutritionalInfo":null,"numberOfServings":null,"restrictions":null}],"restrictions":null,"energyContent":{"energyDisplay":""},"numberOfServings":{"servingsDisplay":""},"hasVariablePrice":false,"hasVariableEnergyContent":true,"energyUnits":"none","hasVariableServings":false},"335124730":{"id":"335124730","name":"Mevlana pide","description":"Pide met gehakt en kaas","imageSources":[{"path":"https://just-eat-prod-eu-res.cloudinary.com/image/upload/c_fill,q_auto,{transformations}/v1/nl/dishes/4164928/8845a7218b514bea90f9edef3b4908f2","source":"Cloudinaryv2"}],"type":"menuitem","labels":[],"variations":[{"id":"335124730","name":"","type":"NoVariation","basePrice":13,"dealOnly":false,"menuGroupIds":["nl:4164928:08e88e472cf8b90b0f64aa3bb3da4bee134f175c","nl:4164928:809a9a921d448d4291f0aee769c00edc915c32d3"],"modifierGroupsIds":["56511528-2"],"dealGroupsIds":null,"nutritionalInfo":null,"numberOfServings":null,"restrictions":null}],"restrictions":null,"energyContent":{"energyDisplay":""},"numberOfServings":{"servingsDisplay":""},"hasVariablePrice":false,"hasVariableEnergyContent":true,"energyUnits":"none","hasVariableServings":false},"335124740":{"id":"335124740","name":"Bicak arasi pide","description":"Pide met stukjes vlees","imageSources":[{"path":"https://just-eat-prod-eu-res.cloudinary.com/image/upload/c_fill,q_auto,{transformations}/v1/nl/dishes/4164928/bf1fe10161dc9eae37f5638da7a455b9","source":"Cloudinaryv2"}],"type":"menuitem","labels":[],"variations":[{"id":"335124740","name":"","type":"NoVariation","basePrice":15,"dealOnly":false,"menuGroupIds":["nl:4164928:08e88e472cf8b90b0f64aa3bb3da4bee134f175c","nl:4164928:809a9a921d448d4291f0aee769c00edc915c32d3"],"modifierGroupsIds":["56511528-2"],"dealGroupsIds":null,"nutritionalInfo":null,"numberOfServings":null,"restrictions":null}],"restrictions":null,"energyContent":{"energyDisplay":""},"numberOfServings":{"servingsDisplay":""},"hasVariablePrice":false,"hasVariableEnergyContent":true,"energyUnits":"none","hasVariableServings":false},"335124750":{"id":"335124750","name":"Tavuklu pide","description":"Pide met kip","imageSources":[{"path":"https://just-eat-prod-eu-res.cloudinary.com/image/upload/c_fill,q_auto,{transformations}/v1/nl/dishes/4164928/b26d8b17accc4720173def7326ba1422","source":"Cloudinaryv2"}],"type":"menuitem","labels":[],"variations":[{"id":"335124750","name":"","type":"NoVariation","basePrice":13,"dealOnly":false,"menuGroupIds":["nl:4164928:08e88e472cf8b90b0f64aa3bb3da4bee134f175c","nl:4164928:809a9a921d448d4291f0aee769c00edc915c32d3"],"modifierGroupsIds":["56511528-2"],"dealGroupsIds":null,"nutritionalInfo":null,"numberOfServings":null,"restrictions":null}],"restrictions":null,"energyContent":{"energyDisplay":""},"numberOfServings":{"servingsDisplay":""},"hasVariablePrice":false,"hasVariableEnergyContent":true,"energyUnits":"none","hasVariableServings":false},"335124760":{"id":"335124760","name":"Recai pide","description":"Pide met stukjes vlees en kaas","imageSources":[{"path":"https://just-eat-prod-eu-res.cloudinary.com/image/upload/c_fill,q_auto,{transformations}/v1/nl/dishes/4164928/069b3df05e949a5dc2afe3e58e1f8953","source":"Cloudinaryv2"}],"type":"menuitem","labels":[],"variations":[{"id":"335124760","name":"","type":"NoVariation","basePrice":15.5,"dealOnly":false,"menuGroupIds":["nl:4164928:08e88e472cf8b90b0f64aa3bb3da4bee134f175c","nl:4164928:809a9a921d448d4291f0aee769c00edc915c32d3"],"modifierGroupsIds":["56511528-2"],"dealGroupsIds":null,"nutritionalInfo":null,"numberOfServings":null,"restrictions":null}],"restrictions":null,"energyContent":{"energyDisplay":""},"numberOfServings":{"servingsDisplay":""},"hasVariablePrice":false,"hasVariableEnergyContent":true,"energyUnits":"none","hasVariableServings":false},"335124770":{"id":"335124770","name":"Tavuklu peynirli pide","description":"Pide met kip en kaas","imageSources":[{"path":"https://just-eat-prod-eu-res.cloudinary.com/image/upload/c_fill,q_auto,{transformations}/v1/nl/dishes/4164928/12a6245cac3763aed8300a029278a70f","source":"Cloudinaryv2"}],"type":"menuitem","labels":[],"variations":[{"id":"335124770","name":"","type":"NoVariation","basePrice":13.5,"dealOnly":false,"menuGroupIds":["nl:4164928:08e88e472cf8b90b0f64aa3bb3da4bee134f175c","nl:4164928:809a9a921d448d4291f0aee769c00edc915c32d3"],"modifierGroupsIds":["56511528-2"],"dealGroupsIds":null,"nutritionalInfo":null,"numberOfServings":null,"restrictions":null}],"restrictions":null,"energyContent":{"energyDisplay":""},"numberOfServings":{"servingsDisplay":""},"hasVariablePrice":false,"hasVariableEnergyContent":true,"energyUnits":"none","hasVariableServings":false},"335124780":{"id":"335124780","name":"Peynirli pide","description":"Pide met kaas","imageSources":[{"path":"https://just-eat-prod-eu-res.cloudinary.com/image/upload/c_fill,q_auto,{transformations}/v1/nl/dishes/4164928/440241494415632d33cbfb9c4f8e5558","source":"Cloudinaryv2"}],"type":"menuitem","labels":[],"variations":[{"id":"335124780","name":"","type":"NoVariation","basePrice":12,"dealOnly":false,"menuGroupIds":["nl:4164928:08e88e472cf8b90b0f64aa3bb3da4bee134f175c","nl:4164928:809a9a921d448d4291f0aee769c00edc915c32d3"],"modifierGroupsIds":["56511528-2"],"dealGroupsIds":null,"nutritionalInfo":null,"numberOfServings":null,"restrictions":null}],"restrictions":null,"energyContent":{"energyDisplay":""},"numberOfServings":{"servingsDisplay":""},"hasVariablePrice":false,"hasVariableEnergyContent":true,"energyUnits":"none","hasVariableServings":false},"335124790":{"id":"335124790","name":"Sebzeli peynirli pide","description":"Pide met kaas en groente","imageSources":[],"type":"menuitem","labels":[],"variations":[{"id":"335124790","name":"","type":"NoVariation","basePrice":12,"dealOnly":false,"menuGroupIds":["nl:4164928:08e88e472cf8b90b0f64aa3bb3da4bee134f175c","nl:4164928:809a9a921d448d4291f0aee769c00edc915c32d3"],"modifierGroupsIds":["56511528-2"],"dealGroupsIds":null,"nutritionalInfo":null,"numberOfServings":null,"restrictions":null}],"restrictions":null,"energyContent":{"energyDisplay":""},"numberOfServings":{"servingsDisplay":""},"hasVariablePrice":false,"hasVariableEnergyContent":true,"energyUnits":"none","hasVariableServings":false},"335124800":{"id":"335124800","name":"Peynirli yumurtali pide","description":"Pide met kaas en ei","imageSources":[],"type":"menuitem","labels":[],"variations":[{"id":"335124800","name":"","type":"NoVariation","basePrice":12.5,"dealOnly":false,"menuGroupIds":["nl:4164928:08e88e472cf8b90b0f64aa3bb3da4bee134f175c","nl:4164928:809a9a921d448d4291f0aee769c00edc915c32d3"],"modifierGroupsIds":["56511528-2"],"dealGroupsIds":null,"nutritionalInfo":null,"numberOfServings":null,"restrictions":null}],"restrictions":null,"energyContent":{"energyDisplay":""},"numberOfServings":{"servingsDisplay":""},"hasVariablePrice":false,"hasVariableEnergyContent":true,"energyUnits":"none","hasVariableServings":false},"335124810":{"id":"335124810","name":"Sucuklu peynirli pide","description":"Pide met kaas en Turkse worst","imageSources":[{"path":"https://just-eat-prod-eu-res.cloudinary.com/image/upload/c_fill,q_auto,{transformations}/v1/nl/dishes/4164928/116545d41e9f62272e13753c421e727f","source":"Cloudinaryv2"}],"type":"menuitem","labels":[],"variations":[{"id":"335124810","name":"","type":"NoVariation","basePrice":13.5,"dealOnly":false,"menuGroupIds":["nl:4164928:08e88e472cf8b90b0f64aa3bb3da4bee134f175c","nl:4164928:809a9a921d448d4291f0aee769c00edc915c32d3"],"modifierGroupsIds":["56511528-2"],"dealGroupsIds":null,"nutritionalInfo":null,"numberOfServings":null,"restrictions":null}],"restrictions":null,"energyContent":{"energyDisplay":""},"numberOfServings":{"servingsDisplay":""},"hasVariablePrice":false,"hasVariableEnergyContent":true,"energyUnits":"none","hasVariableServings":false},"335124820":{"id":"335124820","name":"Pastirmali peynirli pide","description":"Pide met pastrami en kaas","imageSources":[{"path":"https://just-eat-prod-eu-res.cloudinary.com/image/upload/c_fill,q_auto,{transformations}/v1/nl/dishes/4164928/d2036a820e3fc78a41c1495ca74ff7de","source":"Cloudinaryv2"}],"type":"menuitem","labels":[],"variations":[{"id":"335124820","name":"","type":"NoVariation","basePrice":15,"dealOnly":false,"menuGroupIds":["nl:4164928:08e88e472cf8b90b0f64aa3bb3da4bee134f175c","nl:4164928:809a9a921d448d4291f0aee769c00edc915c32d3"],"modifierGroupsIds":["56511528-2"],"dealGroupsIds":null,"nutritionalInfo":null,"numberOfServings":null,"restrictions":null}],"restrictions":null,"energyContent":{"energyDisplay":""},"numberOfServings":{"servingsDisplay":""},"hasVariablePrice":false,"hasVariableEnergyContent":true,"energyUnits":"none","hasVariableServings":false},"335124830":{"id":"335124830","name":"Ispanakli pide","description":"Pide met spinazie","imageSources":[],"type":"menuitem","labels":[],"variations":[{"id":"335124830","name":"","type":"NoVariation","basePrice":12,"dealOnly":false,"menuGroupIds":["nl:4164928:08e88e472cf8b90b0f64aa3bb3da4bee134f175c","nl:4164928:809a9a921d448d4291f0aee769c00edc915c32d3"],"modifierGroupsIds":["56511528-2"],"dealGroupsIds":null,"nutritionalInfo":null,"numberOfServings":null,"restrictions":null}],"restrictions":null,"energyContent":{"energyDisplay":""},"numberOfServings":{"servingsDisplay":""},"hasVariablePrice":false,"hasVariableEnergyContent":true,"energyUnits":"none","hasVariableServings":false},"335125040":{"id":"335125040","name":"DÃ¼rÃ¼m kalfsdÃ¶ner","description":"","imageSources":[],"type":"menuitem","labels":[],"variations":[{"id":"335125040","name":"","type":"NoVariation","basePrice":7.5,"dealOnly":false,"menuGroupIds":["nl:4164928:08e88e472cf8b90b0f64aa3bb3da4bee134f175c","nl:4164928:809a9a921d448d4291f0aee769c00edc915c32d3"],"modifierGroupsIds":["456154956-2","456154956-3","456154956-4","456154956-6","456154956-7","456154956-5"],"dealGroupsIds":null,"nutritionalInfo":null,"numberOfServings":null,"restrictions":null}],"restrictions":null,"energyContent":{"energyDisplay":""},"numberOfServings":{"servingsDisplay":""},"hasVariablePrice":false,"hasVariableEnergyContent":true,"energyUnits":"none","hasVariableServings":false},"335125050":{"id":"335125050","name":"DÃ¼rÃ¼m kipdÃ¶ner","description":"","imageSources":[],"type":"menuitem","labels":[],"variations":[{"id":"335125050","name":"","type":"NoVariation","basePrice":7.5,"dealOnly":false,"menuGroupIds":["nl:4164928:08e88e472cf8b90b0f64aa3bb3da4bee134f175c","nl:4164928:809a9a921d448d4291f0aee769c00edc915c32d3"],"modifierGroupsIds":["456154956-2","456154956-3","456154956-4","456154956-6","456154956-7","456154956-5"],"dealGroupsIds":null,"nutritionalInfo":null,"numberOfServings":null,"restrictions":null}],"restrictions":null,"energyContent":{"energyDisplay":""},"numberOfServings":{"servingsDisplay":""},"hasVariablePrice":false,"hasVariableEnergyContent":true,"energyUnits":"none","hasVariableServings":false},"335125060":{"id":"335125060","name":"DÃ¼rÃ¼m shoarma","description":"","imageSources":[],"type":"menuitem","labels":[],"variations":[{"id":"335125060","name":"","type":"NoVariation","basePrice":8.5,"dealOnly":false,"menuGroupIds":["nl:4164928:08e88e472cf8b90b0f64aa3bb3da4bee134f175c","nl:4164928:809a9a921d448d4291f0aee769c00edc915c32d3"],"modifierGroupsIds":["456154956-2","456154956-3","456154956-4","456154956-6","456154956-7","456154956-5"],"dealGroupsIds":null,"nutritionalInfo":null,"numberOfServings":null,"restrictions":null}],"restrictions":null,"energyContent":{"energyDisplay":""},"numberOfServings":{"servingsDisplay":""},"hasVariablePrice":false,"hasVariableEnergyContent":true,"energyUnits":"none","hasVariableServings":false},"335125070":{"id":"335125070","name":"DÃ¼rÃ¼m kÃ¶fte","description":"","imageSources":[],"type":"menuitem","labels":[],"variations":[{"id":"335125070","name":"","type":"NoVariation","basePrice":8.5,"dealOnly":false,"menuGroupIds":["nl:4164928:08e88e472cf8b90b0f64aa3bb3da4bee134f175c","nl:4164928:809a9a921d448d4291f0aee769c00edc915c32d3"],"modifierGroupsIds":["456154956-2","456154956-3","456154956-4","456154956-6","456154956-7","456154956-5"],"dealGroupsIds":null,"nutritionalInfo":null,"numberOfServings":null,"restrictions":null}],"restrictions":null,"energyContent":{"energyDisplay":""},"numberOfServings":{"servingsDisplay":""},"hasVariablePrice":false,"hasVariableEnergyContent":true,"energyUnits":"none","hasVariableServings":false},"335125280":{"id":"335125280","name":"Sucuk dÃ¶ner schotel","description":"Turkse worst","imageSources":[],"type":"menuitem","labels":[],"variations":[{"id":"335125280","name":"","type":"NoVariation","basePrice":17.5,"dealOnly":false,"menuGroupIds":["nl:4164928:08e88e472cf8b90b0f64aa3bb3da4bee134f175c","nl:4164928:809a9a921d448d4291f0aee769c00edc915c32d3"],"modifierGroupsIds":["24922810-6","24922810-2","24922810-3","24922810-4","24922810-7"],"dealGroupsIds":null,"nutritionalInfo":null,"numberOfServings":null,"restrictions":null}],"restrictions":null,"energyContent":{"energyDisplay":""},"numberOfServings":{"servingsDisplay":""},"hasVariablePrice":true,"hasVariableEnergyContent":true,"energyUnits":"none","hasVariableServings":false},"335125290":{"id":"335125290","name":"KipdÃ¶ner schotel","description":"","imageSources":[],"type":"menuitem","labels":[],"variations":[{"id":"335125290","name":"","type":"NoVariation","basePrice":14.5,"dealOnly":false,"menuGroupIds":["nl:4164928:08e88e472cf8b90b0f64aa3bb3da4bee134f175c","nl:4164928:809a9a921d448d4291f0aee769c00edc915c32d3"],"modifierGroupsIds":["24922810-6","24922810-2","24922810-3","24922810-4","24922810-7"],"dealGroupsIds":null,"nutritionalInfo":null,"numberOfServings":null,"restrictions":null}],"restrictions":null,"energyContent":{"energyDisplay":""},"numberOfServings":{"servingsDisplay":""},"hasVariablePrice":true,"hasVariableEnergyContent":true,"energyUnits":"none","hasVariableServings":false},"335125300":{"id":"335125300","name":"Shoarma schotel","description":"","imageSources":[],"type":"menuitem","labels":[],"variations":[{"id":"335125300","name":"","type":"NoVariation","basePrice":18,"dealOnly":false,"menuGroupIds":["nl:4164928:08e88e472cf8b90b0f64aa3bb3da4bee134f175c","nl:4164928:809a9a921d448d4291f0aee769c00edc915c32d3"],"modifierGroupsIds":["24922810-6","24922810-2","24922810-3","24922810-4","24922810-7"],"dealGroupsIds":null,"nutritionalInfo":null,"numberOfServings":null,"restrictions":null}],"restrictions":null,"energyContent":{"energyDisplay":""},"numberOfServings":{"servingsDisplay":""},"hasVariablePrice":true,"hasVariableEnergyContent":true,"energyUnits":"none","hasVariableServings":false},"335125310":{"id":"335125310","name":"KÃ¶fte schotel","description":"","imageSources":[],"type":"menuitem","labels":[],"variations":[{"id":"335125310","name":"","type":"NoVariation","basePrice":17.5,"dealOnly":false,"menuGroupIds":["nl:4164928:08e88e472cf8b90b0f64aa3bb3da4bee134f175c","nl:4164928:809a9a921d448d4291f0aee769c00edc915c32d3"],"modifierGroupsIds":["24922810-6","24922810-2","24922810-3","24922810-4","24922810-7"],"dealGroupsIds":null,"nutritionalInfo":null,"numberOfServings":null,"restrictions":null}],"restrictions":null,"energyContent":{"energyDisplay":""},"numberOfServings":{"servingsDisplay":""},"hasVariablePrice":true,"hasVariableEnergyContent":true,"energyUnits":"none","hasVariableServings":false},"335126040":{"id":"335126040","name":"Chef special soep","description":"","imageSources":[],"type":"menuitem","labels":[],"variations":[{"id":"335126040","name":"","type":"NoVariation","basePrice":10,"dealOnly":false,"menuGroupIds":["nl:4164928:08e88e472cf8b90b0f64aa3bb3da4bee134f175c","nl:4164928:809a9a921d448d4291f0aee769c00edc915c32d3"],"modifierGroupsIds":["119336418-6","119336418-4","119336418-5"],"dealGroupsIds":null,"nutritionalInfo":null,"numberOfServings":null,"restrictions":null}],"restrictions":null,"energyContent":{"energyDisplay":""},"numberOfServings":{"servingsDisplay":""},"hasVariablePrice":true,"hasVariableEnergyContent":true,"energyUnits":"none","hasVariableServings":false},"335127980":{"id":"335127980","name":"Patat klein","description":"","imageSources":[],"type":"menuitem","labels":[],"variations":[{"id":"335127980","name":"","type":"NoVariation","basePrice":3.5,"dealOnly":false,"menuGroupIds":["nl:4164928:08e88e472cf8b90b0f64aa3bb3da4bee134f175c","nl:4164928:809a9a921d448d4291f0aee769c00edc915c32d3"],"modifierGroupsIds":["24922690-4"],"dealGroupsIds":null,"nutritionalInfo":null,"numberOfServings":null,"restrictions":null}],"restrictions":null,"energyContent":{"energyDisplay":""},"numberOfServings":{"servingsDisplay":""},"hasVariablePrice":false,"hasVariableEnergyContent":true,"energyUnits":"none","hasVariableServings":false},"335127990":{"id":"335127990","name":"Patat groot","description":"","imageSources":[],"type":"menuitem","labels":[],"variations":[{"id":"335127990","name":"","type":"NoVariation","basePrice":4.5,"dealOnly":false,"menuGroupIds":["nl:4164928:08e88e472cf8b90b0f64aa3bb3da4bee134f175c","nl:4164928:809a9a921d448d4291f0aee769c00edc915c32d3"],"modifierGroupsIds":["24922690-4"],"dealGroupsIds":null,"nutritionalInfo":null,"numberOfServings":null,"restrictions":null}],"restrictions":null,"energyContent":{"energyDisplay":""},"numberOfServings":{"servingsDisplay":""},"hasVariablePrice":false,"hasVariableEnergyContent":true,"energyUnits":"none","hasVariableServings":false},"335128000":{"id":"335128000","name":"Patat speciaal","description":"","imageSources":[],"type":"menuitem","labels":[],"variations":[{"id":"335128000","name":"","type":"NoVariation","basePrice":4.75,"dealOnly":false,"menuGroupIds":["nl:4164928:08e88e472cf8b90b0f64aa3bb3da4bee134f175c","nl:4164928:809a9a921d448d4291f0aee769c00edc915c32d3"],"modifierGroupsIds":["24923360-2","24923360-3"],"dealGroupsIds":null,"nutritionalInfo":null,"numberOfServings":null,"restrictions":null}],"restrictions":null,"energyContent":{"energyDisplay":""},"numberOfServings":{"servingsDisplay":""},"hasVariablePrice":false,"hasVariableEnergyContent":true,"energyUnits":"none","hasVariableServings":false},"335128210":{"id":"335128210","name":"Baklava","description":"","imageSources":[],"type":"menuitem","labels":[],"variations":[{"id":"335128210","name":"","type":"NoVariation","basePrice":6.5,"dealOnly":false,"menuGroupIds":["nl:4164928:08e88e472cf8b90b0f64aa3bb3da4bee134f175c","nl:4164928:809a9a921d448d4291f0aee769c00edc915c32d3"],"modifierGroupsIds":["24922740-2"],"dealGroupsIds":null,"nutritionalInfo":null,"numberOfServings":null,"restrictions":null}],"restrictions":null,"energyContent":{"energyDisplay":""},"numberOfServings":{"servingsDisplay":""},"hasVariablePrice":true,"hasVariableEnergyContent":true,"energyUnits":"none","hasVariableServings":false},"335128860":{"id":"335128860","name":"Knoflooksaus en sambal","description":null,"imageSources":[],"type":"menuitem","labels":[],"variations":[{"id":"335128860","name":"","type":"NoVariation","basePrice":1.75,"dealOnly":false,"menuGroupIds":["nl:4164928:08e88e472cf8b90b0f64aa3bb3da4bee134f175c","nl:4164928:809a9a921d448d4291f0aee769c00edc915c32d3"],"modifierGroupsIds":[],"dealGroupsIds":null,"nutritionalInfo":null,"numberOfServings":null,"restrictions":null}],"restrictions":null,"energyContent":{"energyDisplay":""},"numberOfServings":{"servingsDisplay":""},"hasVariablePrice":false,"hasVariableEnergyContent":false,"energyUnits":"none","hasVariableServings":false},"335129660":{"id":"335129660","name":"Coca-Cola 330ml","description":"Blikje","imageSources":[{"path":"https://just-eat-prod-eu-res.cloudinary.com/image/upload/c_fill,q_auto,{transformations}/v1/nl/dishes/4164928/4a026cd376a9a486f58cecf456d5ebe4","source":"Cloudinaryv2"}],"type":"menuitem","labels":[],"variations":[{"id":"335129660","name":"","type":"NoVariation","basePrice":2.75,"dealOnly":false,"menuGroupIds":["nl:4164928:08e88e472cf8b90b0f64aa3bb3da4bee134f175c","nl:4164928:809a9a921d448d4291f0aee769c00edc915c32d3"],"modifierGroupsIds":[],"dealGroupsIds":null,"nutritionalInfo":null,"numberOfServings":null,"restrictions":null,"initialProductInformation":{"netVolume":{"value":0.33,"unit":"l","quantity":1},"deposit":{"value":0.15,"type":"exclusive"},"pricePerUnit":{"value":8.33,"quantity":1,"unitType":"l"},"caffeine":{"quantity":{"unit":"mg","value":9.6},"referenceQuantity":{"unit":"ml","value":100}}}}],"restrictions":null,"energyContent":{"energyDisplay":""},"numberOfServings":{"servingsDisplay":""},"hasVariablePrice":false,"hasVariableEnergyContent":false,"energyUnits":"none","hasVariableServings":false,"initialProductInformation":{"netVolume":{"value":0.33,"unit":"l","quantity":1},"deposit":{"value":0.15,"type":"exclusive"},"pricePerUnit":{"value":8.33,"quantity":1,"unitType":"l"},"caffeine":{"quantity":{"unit":"mg","value":9.6},"referenceQuantity":{"unit":"ml","value":100}}}},"335129670":{"id":"335129670","name":"Coca-Cola light 330ml","description":"Blikje","imageSources":[{"path":"https://just-eat-prod-eu-res.cloudinary.com/image/upload/c_fill,q_auto,{transformations}/v1/nl/dishes/4164928/470e93f0eeec060c1c2a8f6b966cc965","source":"Cloudinaryv2"}],"type":"menuitem","labels":[],"variations":[{"id":"335129670","name":"","type":"NoVariation","basePrice":2,"dealOnly":false,"menuGroupIds":["nl:4164928:08e88e472cf8b90b0f64aa3bb3da4bee134f175c","nl:4164928:809a9a921d448d4291f0aee769c00edc915c32d3"],"modifierGroupsIds":[],"dealGroupsIds":null,"nutritionalInfo":null,"numberOfServings":null,"restrictions":null,"initialProductInformation":{"deposit":{"value":0.15,"type":"exclusive"},"caffeine":{"quantity":{"unit":"mg","value":9.6},"referenceQuantity":{"unit":"ml","value":100}}}}],"restrictions":null,"energyContent":{"energyDisplay":""},"numberOfServings":{"servingsDisplay":""},"hasVariablePrice":false,"hasVariableEnergyContent":false,"energyUnits":"none","hasVariableServings":false,"initialProductInformation":{"deposit":{"value":0.15,"type":"exclusive"},"caffeine":{"quantity":{"unit":"mg","value":9.6},"referenceQuantity":{"unit":"ml","value":100}}}},"335129680":{"id":"335129680","name":"Coca-Cola zero sugar 330ml","description":"Blikje","imageSources":[{"path":"https://just-eat-prod-eu-res.cloudinary.com/image/upload/c_fill,q_auto,{transformations}/v1/nl/dishes/4164928/cea32b584970bb5c560fa394d76a1811","source":"Cloudinaryv2"}],"type":"menuitem","labels":[],"variations":[{"id":"335129680","name":"","type":"NoVariation","basePrice":2.75,"dealOnly":false,"menuGroupIds":["nl:4164928:08e88e472cf8b90b0f64aa3bb3da4bee134f175c","nl:4164928:809a9a921d448d4291f0aee769c00edc915c32d3"],"modifierGroupsIds":[],"dealGroupsIds":null,"nutritionalInfo":null,"numberOfServings":null,"restrictions":null,"initialProductInformation":{"netVolume":{"value":0.33,"unit":"l","quantity":1},"deposit":{"value":0.15,"type":"exclusive"},"pricePerUnit":{"value":8.33,"quantity":1,"unitType":"l"},"caffeine":{"quantity":{"unit":"mg","value":9.6},"referenceQuantity":{"unit":"ml","value":100}}}}],"restrictions":null,"energyContent":{"energyDisplay":""},"numberOfServings":{"servingsDisplay":""},"hasVariablePrice":false,"hasVariableEnergyContent":false,"energyUnits":"none","hasVariableServings":false,"initialProductInformation":{"netVolume":{"value":0.33,"unit":"l","quantity":1},"deposit":{"value":0.15,"type":"exclusive"},"pricePerUnit":{"value":8.33,"quantity":1,"unitType":"l"},"caffeine":{"quantity":{"unit":"mg","value":9.6},"referenceQuantity":{"unit":"ml","value":100}}}},"335129690":{"id":"335129690","name":"Fanta orange 330ml","description":"Blikje","imageSources":[{"path":"https://just-eat-prod-eu-res.cloudinary.com/image/upload/c_fill,q_auto,{transformations}/v1/nl/dishes/4164928/092f84be1ea5293131490d5ea824ea95","source":"Cloudinaryv2"}],"type":"menuitem","labels":[],"variations":[{"id":"335129690","name":"","type":"NoVariation","basePrice":2.75,"dealOnly":false,"menuGroupIds":["nl:4164928:08e88e472cf8b90b0f64aa3bb3da4bee134f175c","nl:4164928:809a9a921d448d4291f0aee769c00edc915c32d3"],"modifierGroupsIds":[],"dealGroupsIds":null,"nutritionalInfo":null,"numberOfServings":null,"restrictions":null,"initialProductInformation":{"netVolume":{"value":0.33,"unit":"l","quantity":1},"deposit":{"value":0.15,"type":"exclusive"},"pricePerUnit":{"value":8.33,"quantity":1,"unitType":"l"}}}],"restrictions":null,"energyContent":{"energyDisplay":""},"numberOfServings":{"servingsDisplay":""},"hasVariablePrice":false,"hasVariableEnergyContent":false,"energyUnits":"none","hasVariableServings":false,"initialProductInformation":{"netVolume":{"value":0.33,"unit":"l","quantity":1},"deposit":{"value":0.15,"type":"exclusive"},"pricePerUnit":{"value":8.33,"quantity":1,"unitType":"l"}}},"335129700":{"id":"335129700","name":"Fanta strawberry \u0026 kiwi 330ml","description":"Blikje","imageSources":[{"path":"https://just-eat-prod-eu-res.cloudinary.com/image/upload/c_fill,q_auto,{transformations}/v1/nl/dishes/4164928/d70710100bc0aa79fa366cedcaaf725f","source":"Cloudinaryv2"}],"type":"menuitem","labels":[],"variations":[{"id":"335129700","name":"","type":"NoVariation","basePrice":2.75,"dealOnly":false,"menuGroupIds":["nl:4164928:08e88e472cf8b90b0f64aa3bb3da4bee134f175c","nl:4164928:809a9a921d448d4291f0aee769c00edc915c32d3"],"modifierGroupsIds":[],"dealGroupsIds":null,"nutritionalInfo":null,"numberOfServings":null,"restrictions":null,"initialProductInformation":{"netVolume":{"value":0.33,"unit":"l","quantity":1},"deposit":{"value":0.15,"type":"exclusive"},"pricePerUnit":{"value":8.33,"quantity":1,"unitType":"l"}}}],"restrictions":null,"energyContent":{"energyDisplay":""},"numberOfServings":{"servingsDisplay":""},"hasVariablePrice":false,"hasVariableEnergyContent":false,"energyUnits":"none","hasVariableServings":false,"initialProductInformation":{"netVolume":{"value":0.33,"unit":"l","quantity":1},"deposit":{"value":0.15,"type":"exclusive"},"pricePerUnit":{"value":8.33,"quantity":1,"unitType":"l"}}},"335129710":{"id":"335129710","name":"Fanta exotic 330ml","description":"Blikje","imageSources":[{"path":"https://just-eat-prod-eu-res.cloudinary.com/image/upload/c_fill,q_auto,{transformations}/v1/nl/dishes/4164928/de3f9df57473c9041f1dd09b37c92f71","source":"Cloudinaryv2"}],"type":"menuitem","labels":[],"variations":[{"id":"335129710","name":"","type":"NoVariation","basePrice":2.75,"dealOnly":false,"menuGroupIds":["nl:4164928:08e88e472cf8b90b0f64aa3bb3da4bee134f175c","nl:4164928:809a9a921d448d4291f0aee769c00edc915c32d3"],"modifierGroupsIds":[],"dealGroupsIds":null,"nutritionalInfo":null,"numberOfServings":null,"restrictions":null,"initialProductInformation":{"netVolume":{"value":0.33,"unit":"l","quantity":1},"deposit":{"value":0.15,"type":"exclusive"},"pricePerUnit":{"value":8.33,"quantity":1,"unitType":"l"}}}],"restrictions":null,"energyContent":{"energyDisplay":""},"numberOfServings":{"servingsDisplay":""},"hasVariablePrice":false,"hasVariableEnergyContent":false,"energyUnits":"none","hasVariableServings":false,"initialProductInformation":{"netVolume":{"value":0.33,"unit":"l","quantity":1},"deposit":{"value":0.15,"type":"exclusive"},"pricePerUnit":{"value":8.33,"quantity":1,"unitType":"l"}}},"335129720":{"id":"335129720","name":"Sprite 330ml","description":"Blikje","imageSources":[{"path":"https://just-eat-prod-eu-res.cloudinary.com/image/upload/c_fill,q_auto,{transformations}/v1/nl/dishes/4164928/2f7b414b72e24c41fe806f6e6c140b57","source":"Cloudinaryv2"}],"type":"menuitem","labels":[],"variations":[{"id":"335129720","name":"","type":"NoVariation","basePrice":2.75,"dealOnly":false,"menuGroupIds":["nl:4164928:08e88e472cf8b90b0f64aa3bb3da4bee134f175c","nl:4164928:809a9a921d448d4291f0aee769c00edc915c32d3"],"modifierGroupsIds":[],"dealGroupsIds":null,"nutritionalInfo":null,"numberOfServings":null,"restrictions":null,"initialProductInformation":{"netVolume":{"value":0.33,"unit":"l","quantity":1},"deposit":{"value":0.15,"type":"exclusive"},"pricePerUnit":{"value":8.33,"quantity":1,"unitType":"l"}}}],"restrictions":null,"energyContent":{"energyDisplay":""},"numberOfServings":{"servingsDisplay":""},"hasVariablePrice":false,"hasVariableEnergyContent":false,"energyUnits":"none","hasVariableServings":false,"initialProductInformation":{"netVolume":{"value":0.33,"unit":"l","quantity":1},"deposit":{"value":0.15,"type":"exclusive"},"pricePerUnit":{"value":8.33,"quantity":1,"unitType":"l"}}},"335129730":{"id":"335129730","name":"Mogu Mogu passievrucht 320ml","description":"Flesje","imageSources":[],"type":"menuitem","labels":[],"variations":[{"id":"335129730","name":"","type":"NoVariation","basePrice":2.85,"dealOnly":false,"menuGroupIds":["nl:4164928:08e88e472cf8b90b0f64aa3bb3da4bee134f175c","nl:4164928:809a9a921d448d4291f0aee769c00edc915c32d3"],"modifierGroupsIds":[],"dealGroupsIds":null,"nutritionalInfo":null,"numberOfServings":null,"restrictions":null,"initialProductInformation":{"deposit":{"value":0.15,"type":"exclusive"}}}],"restrictions":null,"energyContent":{"energyDisplay":""},"numberOfServings":{"servingsDisplay":""},"hasVariablePrice":false,"hasVariableEnergyContent":false,"energyUnits":"none","hasVariableServings":false,"initialProductInformation":{"deposit":{"value":0.15,"type":"exclusive"}}},"335129740":{"id":"335129740","name":"Mogu Mogu aardbei 320ml","description":"Flesje","imageSources":[],"type":"menuitem","labels":[],"variations":[{"id":"335129740","name":"","type":"NoVariation","basePrice":2.85,"dealOnly":false,"menuGroupIds":["nl:4164928:08e88e472cf8b90b0f64aa3bb3da4bee134f175c","nl:4164928:809a9a921d448d4291f0aee769c00edc915c32d3"],"modifierGroupsIds":[],"dealGroupsIds":null,"nutritionalInfo":null,"numberOfServings":null,"restrictions":null,"initialProductInformation":{"deposit":{"value":0.15,"type":"exclusive"}}}],"restrictions":null,"energyContent":{"energyDisplay":""},"numberOfServings":{"servingsDisplay":""},"hasVariablePrice":false,"hasVariableEnergyContent":false,"energyUnits":"none","hasVariableServings":false,"initialProductInformation":{"deposit":{"value":0.15,"type":"exclusive"}}},"335129750":{"id":"335129750","name":"Mogu Mogu mango 320ml","description":"Flesje","imageSources":[],"type":"menuitem","labels":[],"variations":[{"id":"335129750","name":"","type":"NoVariation","basePrice":2.85,"dealOnly":false,"menuGroupIds":["nl:4164928:08e88e472cf8b90b0f64aa3bb3da4bee134f175c","nl:4164928:809a9a921d448d4291f0aee769c00edc915c32d3"],"modifierGroupsIds":[],"dealGroupsIds":null,"nutritionalInfo":null,"numberOfServings":null,"restrictions":null,"initialProductInformation":{"deposit":{"value":0.15,"type":"exclusive"}}}],"restrictions":null,"energyContent":{"energyDisplay":""},"numberOfServings":{"servingsDisplay":""},"hasVariablePrice":false,"hasVariableEnergyContent":false,"energyUnits":"none","hasVariableServings":false,"initialProductInformation":{"deposit":{"value":0.15,"type":"exclusive"}}},"335129760":{"id":"335129760","name":"Fernandes Geel 330ml","description":"","imageSources":[],"type":"menuitem","labels":[],"variations":[{"id":"335129760","name":"","type":"NoVariation","basePrice":2.75,"dealOnly":false,"menuGroupIds":["nl:4164928:08e88e472cf8b90b0f64aa3bb3da4bee134f175c","nl:4164928:809a9a921d448d4291f0aee769c00edc915c32d3"],"modifierGroupsIds":[],"dealGroupsIds":null,"nutritionalInfo":null,"numberOfServings":null,"restrictions":null,"initialProductInformation":{"netVolume":{"value":0.33,"unit":"l","quantity":1},"deposit":{"value":0.15,"type":"exclusive"},"pricePerUnit":{"value":8.33,"quantity":1,"unitType":"l"}}}],"restrictions":null,"energyContent":{"energyDisplay":""},"numberOfServings":{"servingsDisplay":""},"hasVariablePrice":false,"hasVariableEnergyContent":false,"energyUnits":"none","hasVariableServings":false,"initialProductInformation":{"netVolume":{"value":0.33,"unit":"l","quantity":1},"deposit":{"value":0.15,"type":"exclusive"},"pricePerUnit":{"value":8.33,"quantity":1,"unitType":"l"}}},"335129770":{"id":"335129770","name":"Fernandes Oranje 330ml","description":"Blikje","imageSources":[{"path":"https://just-eat-prod-eu-res.cloudinary.com/image/upload/c_fill,q_auto,{transformations}/v1/nl/dishes/4164928/5a6f4ccb886f3f4f3c106cb1fddd1f21","source":"Cloudinaryv2"}],"type":"menuitem","labels":[],"variations":[{"id":"335129770","name":"","type":"NoVariation","basePrice":2.75,"dealOnly":false,"menuGroupIds":["nl:4164928:08e88e472cf8b90b0f64aa3bb3da4bee134f175c","nl:4164928:809a9a921d448d4291f0aee769c00edc915c32d3"],"modifierGroupsIds":[],"dealGroupsIds":null,"nutritionalInfo":null,"numberOfServings":null,"restrictions":null,"initialProductInformation":{"netVolume":{"value":0.33,"unit":"l","quantity":1},"deposit":{"value":0.15,"type":"exclusive"},"pricePerUnit":{"value":8.33,"quantity":1,"unitType":"l"}}}],"restrictions":null,"energyContent":{"energyDisplay":""},"numberOfServings":{"servingsDisplay":""},"hasVariablePrice":false,"hasVariableEnergyContent":false,"energyUnits":"none","hasVariableServings":false,"initialProductInformation":{"netVolume":{"value":0.33,"unit":"l","quantity":1},"deposit":{"value":0.15,"type":"exclusive"},"pricePerUnit":{"value":8.33,"quantity":1,"unitType":"l"}}},"335129780":{"id":"335129780","name":"Fernandes Blauw 330ml","description":"Blikje","imageSources":[{"path":"https://just-eat-prod-eu-res.cloudinary.com/image/upload/c_fill,q_auto,{transformations}/v1/nl/dishes/4164928/ad1ba17a5b095922c863e5ccddc9e6c6","source":"Cloudinaryv2"}],"type":"menuitem","labels":[],"variations":[{"id":"335129780","name":"","type":"NoVariation","basePrice":2.75,"dealOnly":false,"menuGroupIds":["nl:4164928:08e88e472cf8b90b0f64aa3bb3da4bee134f175c","nl:4164928:809a9a921d448d4291f0aee769c00edc915c32d3"],"modifierGroupsIds":[],"dealGroupsIds":null,"nutritionalInfo":null,"numberOfServings":null,"restrictions":null,"initialProductInformation":{"netVolume":{"value":0.33,"unit":"l","quantity":1},"deposit":{"value":0.15,"type":"exclusive"},"pricePerUnit":{"value":8.33,"quantity":1,"unitType":"l"}}}],"restrictions":null,"energyContent":{"energyDisplay":""},"numberOfServings":{"servingsDisplay":""},"hasVariablePrice":false,"hasVariableEnergyContent":false,"energyUnits":"none","hasVariableServings":false,"initialProductInformation":{"netVolume":{"value":0.33,"unit":"l","quantity":1},"deposit":{"value":0.15,"type":"exclusive"},"pricePerUnit":{"value":8.33,"quantity":1,"unitType":"l"}}},"335129790":{"id":"335129790","name":"Fernandes Rood 330ml","description":"Blikje","imageSources":[{"path":"https://just-eat-prod-eu-res.cloudinary.com/image/upload/c_fill,q_auto,{transformations}/v1/nl/dishes/4164928/40bac112c77b0c6cfbc65dbfd26eee6c","source":"Cloudinaryv2"}],"type":"menuitem","labels":[],"variations":[{"id":"335129790","name":"","type":"NoVariation","basePrice":2.75,"dealOnly":false,"menuGroupIds":["nl:4164928:08e88e472cf8b90b0f64aa3bb3da4bee134f175c","nl:4164928:809a9a921d448d4291f0aee769c00edc915c32d3"],"modifierGroupsIds":[],"dealGroupsIds":null,"nutritionalInfo":null,"numberOfServings":null,"restrictions":null,"initialProductInformation":{"netVolume":{"value":0.33,"unit":"l","quantity":1},"deposit":{"value":0.15,"type":"exclusive"},"pricePerUnit":{"value":8.33,"quantity":1,"unitType":"l"}}}],"restrictions":null,"energyContent":{"energyDisplay":""},"numberOfServings":{"servingsDisplay":""},"hasVariablePrice":false,"hasVariableEnergyContent":false,"energyUnits":"none","hasVariableServings":false,"initialProductInformation":{"netVolume":{"value":0.33,"unit":"l","quantity":1},"deposit":{"value":0.15,"type":"exclusive"},"pricePerUnit":{"value":8.33,"quantity":1,"unitType":"l"}}},"335129800":{"id":"335129800","name":"Fernandes Groen 330ml","description":"Blikje","imageSources":[{"path":"https://just-eat-prod-eu-res.cloudinary.com/image/upload/c_fill,q_auto,{transformations}/v1/nl/dishes/4164928/03148f8e3cff6bdaecca80047336a5da","source":"Cloudinaryv2"}],"type":"menuitem","labels":[],"variations":[{"id":"335129800","name":"","type":"NoVariation","basePrice":2.75,"dealOnly":false,"menuGroupIds":["nl:4164928:08e88e472cf8b90b0f64aa3bb3da4bee134f175c","nl:4164928:809a9a921d448d4291f0aee769c00edc915c32d3"],"modifierGroupsIds":[],"dealGroupsIds":null,"nutritionalInfo":null,"numberOfServings":null,"restrictions":null,"initialProductInformation":{"netVolume":{"value":0.33,"unit":"l","quantity":1},"deposit":{"value":0.15,"type":"exclusive"},"pricePerUnit":{"value":8.33,"quantity":1,"unitType":"l"}}}],"restrictions":null,"energyContent":{"energyDisplay":""},"numberOfServings":{"servingsDisplay":""},"hasVariablePrice":false,"hasVariableEnergyContent":false,"energyUnits":"none","hasVariableServings":false,"initialProductInformation":{"netVolume":{"value":0.33,"unit":"l","quantity":1},"deposit":{"value":0.15,"type":"exclusive"},"pricePerUnit":{"value":8.33,"quantity":1,"unitType":"l"}}},"335133300":{"id":"335133300","name":"Oasis 330ml","description":"Blikje","imageSources":[],"type":"menuitem","labels":[],"variations":[{"id":"335133300","name":"","type":"NoVariation","basePrice":2.85,"dealOnly":false,"menuGroupIds":["nl:4164928:08e88e472cf8b90b0f64aa3bb3da4bee134f175c","nl:4164928:809a9a921d448d4291f0aee769c00edc915c32d3"],"modifierGroupsIds":[],"dealGroupsIds":null,"nutritionalInfo":null,"numberOfServings":null,"restrictions":null,"initialProductInformation":{"netVolume":{"value":0.33,"unit":"l","quantity":1},"deposit":{"value":0.15,"type":"exclusive"},"pricePerUnit":{"value":8.64,"quantity":1,"unitType":"l"}}}],"restrictions":null,"energyContent":{"energyDisplay":""},"numberOfServings":{"servingsDisplay":""},"hasVariablePrice":false,"hasVariableEnergyContent":false,"energyUnits":"none","hasVariableServings":false,"initialProductInformation":{"netVolume":{"value":0.33,"unit":"l","quantity":1},"deposit":{"value":0.15,"type":"exclusive"},"pricePerUnit":{"value":8.64,"quantity":1,"unitType":"l"}}},"335133310":{"id":"335133310","name":"AA Drink 330ml","description":"Flesje","imageSources":[{"path":"https://just-eat-prod-eu-res.cloudinary.com/image/upload/c_fill,q_auto,{transformations}/v1/nl/dishes/4164928/cbc5cd8130f4ad467d47dae68e6ce318","source":"Cloudinaryv2"}],"type":"menuitem","labels":[],"variations":[{"id":"335133310","name":"","type":"NoVariation","basePrice":2.75,"dealOnly":false,"menuGroupIds":["nl:4164928:08e88e472cf8b90b0f64aa3bb3da4bee134f175c","nl:4164928:809a9a921d448d4291f0aee769c00edc915c32d3"],"modifierGroupsIds":[],"dealGroupsIds":null,"nutritionalInfo":null,"numberOfServings":null,"restrictions":null,"initialProductInformation":{"netVolume":{"value":0.33,"unit":"l","quantity":1},"deposit":{"value":0.15,"type":"exclusive"},"pricePerUnit":{"value":8.33,"quantity":1,"unitType":"l"}}}],"restrictions":null,"energyContent":{"energyDisplay":""},"numberOfServings":{"servingsDisplay":""},"hasVariablePrice":false,"hasVariableEnergyContent":false,"energyUnits":"none","hasVariableServings":false,"initialProductInformation":{"netVolume":{"value":0.33,"unit":"l","quantity":1},"deposit":{"value":0.15,"type":"exclusive"},"pricePerUnit":{"value":8.33,"quantity":1,"unitType":"l"}}},"335133320":{"id":"335133320","name":"Red Bull Energy Drink 250ml","description":"Stimuleert Lichaam en Geest. Red Bull Energy Drink wordt wereldwijd gewaardeerd door topsorters","imageSources":[{"path":"https://just-eat-prod-eu-res.cloudinary.com/image/upload/c_fill,q_auto,{transformations}/v1/nl/dishes/4164928/3e028efac4a54d5d38f84542ebee47dd","source":"Cloudinaryv2"}],"type":"menuitem","labels":[],"variations":[{"id":"335133320","name":"","type":"NoVariation","basePrice":3.85,"dealOnly":false,"menuGroupIds":["nl:4164928:08e88e472cf8b90b0f64aa3bb3da4bee134f175c","nl:4164928:809a9a921d448d4291f0aee769c00edc915c32d3"],"modifierGroupsIds":[],"dealGroupsIds":null,"nutritionalInfo":null,"numberOfServings":null,"restrictions":null,"initialProductInformation":{"netVolume":{"value":0.25,"unit":"l","quantity":1},"deposit":{"value":0.15,"type":"exclusive"},"pricePerUnit":{"value":15.4,"quantity":1,"unitType":"l"},"caffeine":{"quantity":{"unit":"mg","value":80},"referenceQuantity":{"unit":"ml","value":100}}}}],"restrictions":null,"energyContent":{"energyDisplay":""},"numberOfServings":{"servingsDisplay":""},"hasVariablePrice":false,"hasVariableEnergyContent":false,"energyUnits":"none","hasVariableServings":false,"initialProductInformation":{"netVolume":{"value":0.25,"unit":"l","quantity":1},"deposit":{"value":0.15,"type":"exclusive"},"pricePerUnit":{"value":15.4,"quantity":1,"unitType":"l"},"caffeine":{"quantity":{"unit":"mg","value":80},"referenceQuantity":{"unit":"ml","value":100}}}},"335133330":{"id":"335133330","name":"Spa blauw 330ml","description":"Flesje","imageSources":[],"type":"menuitem","labels":[],"variations":[{"id":"335133330","name":"","type":"NoVariation","basePrice":2.5,"dealOnly":false,"menuGroupIds":["nl:4164928:08e88e472cf8b90b0f64aa3bb3da4bee134f175c","nl:4164928:809a9a921d448d4291f0aee769c00edc915c32d3"],"modifierGroupsIds":[],"dealGroupsIds":null,"nutritionalInfo":null,"numberOfServings":null,"restrictions":null,"initialProductInformation":{"netVolume":{"value":25,"unit":"l","quantity":1},"pricePerUnit":{"value":0.1,"quantity":1,"unitType":"l"}}}],"restrictions":null,"energyContent":{"energyDisplay":""},"numberOfServings":{"servingsDisplay":""},"hasVariablePrice":false,"hasVariableEnergyContent":false,"energyUnits":"none","hasVariableServings":false,"initialProductInformation":{"netVolume":{"value":25,"unit":"l","quantity":1},"pricePerUnit":{"value":0.1,"quantity":1,"unitType":"l"}}},"335133340":{"id":"335133340","name":"Fristi 250ml","description":"Blikje","imageSources":[{"path":"https://just-eat-prod-eu-res.cloudinary.com/image/upload/c_fill,q_auto,{transformations}/v1/nl/dishes/4164928/70b36805f66ce8dfd5d8df36d54b1dca","source":"Cloudinaryv2"}],"type":"menuitem","labels":[],"variations":[{"id":"335133340","name":"","type":"NoVariation","basePrice":2.75,"dealOnly":false,"menuGroupIds":["nl:4164928:08e88e472cf8b90b0f64aa3bb3da4bee134f175c","nl:4164928:809a9a921d448d4291f0aee769c00edc915c32d3"],"modifierGroupsIds":[],"dealGroupsIds":null,"nutritionalInfo":null,"numberOfServings":null,"restrictions":null,"initialProductInformation":{"netVolume":{"value":0.25,"unit":"l","quantity":1},"deposit":{"value":0.15,"type":"exclusive"},"pricePerUnit":{"value":11,"quantity":1,"unitType":"l"}}}],"restrictions":null,"energyContent":{"energyDisplay":""},"numberOfServings":{"servingsDisplay":""},"hasVariablePrice":false,"hasVariableEnergyContent":false,"energyUnits":"none","hasVariableServings":false,"initialProductInformation":{"netVolume":{"value":0.25,"unit":"l","quantity":1},"deposit":{"value":0.15,"type":"exclusive"},"pricePerUnit":{"value":11,"quantity":1,"unitType":"l"}}},"335133350":{"id":"335133350","name":"Ayran","description":"","imageSources":[],"type":"menuitem","labels":[],"variations":[{"id":"335133350","name":"","type":"NoVariation","basePrice":2,"dealOnly":false,"menuGroupIds":["nl:4164928:08e88e472cf8b90b0f64aa3bb3da4bee134f175c","nl:4164928:809a9a921d448d4291f0aee769c00edc915c32d3"],"modifierGroupsIds":[],"dealGroupsIds":null,"nutritionalInfo":null,"numberOfServings":null,"restrictions":null}],"restrictions":null,"energyContent":{"energyDisplay":""},"numberOfServings":{"servingsDisplay":""},"hasVariablePrice":false,"hasVariableEnergyContent":false,"energyUnits":"none","hasVariableServings":false},"335133360":{"id":"335133360","name":"Chocomel 250ml","description":"Blikje","imageSources":[{"path":"https://just-eat-prod-eu-res.cloudinary.com/image/upload/c_fill,q_auto,{transformations}/v1/nl/dishes/4164928/e9bdad28beda91152322dd65be018bb3","source":"Cloudinaryv2"}],"type":"menuitem","labels":[],"variations":[{"id":"335133360","name":"","type":"NoVariation","basePrice":2.75,"dealOnly":false,"menuGroupIds":["nl:4164928:08e88e472cf8b90b0f64aa3bb3da4bee134f175c","nl:4164928:809a9a921d448d4291f0aee769c00edc915c32d3"],"modifierGroupsIds":[],"dealGroupsIds":null,"nutritionalInfo":null,"numberOfServings":null,"restrictions":null,"initialProductInformation":{"netVolume":{"value":0.25,"unit":"l","quantity":1},"deposit":{"value":0.15,"type":"exclusive"},"pricePerUnit":{"value":11,"quantity":1,"unitType":"l"}}}],"restrictions":null,"energyContent":{"energyDisplay":""},"numberOfServings":{"servingsDisplay":""},"hasVariablePrice":false,"hasVariableEnergyContent":false,"energyUnits":"none","hasVariableServings":false,"initialProductInformation":{"netVolume":{"value":0.25,"unit":"l","quantity":1},"deposit":{"value":0.15,"type":"exclusive"},"pricePerUnit":{"value":11,"quantity":1,"unitType":"l"}}},"335133370":{"id":"335133370","name":"Hawaii 250ml","description":"Blikje","imageSources":[{"path":"https://just-eat-prod-eu-res.cloudinary.com/image/upload/c_fill,q_auto,{transformations}/v1/nl/dishes/4164928/a45a51c4ea84c7e070d3b705f973f4df","source":"Cloudinaryv2"}],"type":"menuitem","labels":[],"variations":[{"id":"335133370","name":"","type":"NoVariation","basePrice":2.75,"dealOnly":false,"menuGroupIds":["nl:4164928:08e88e472cf8b90b0f64aa3bb3da4bee134f175c","nl:4164928:809a9a921d448d4291f0aee769c00edc915c32d3"],"modifierGroupsIds":[],"dealGroupsIds":null,"nutritionalInfo":null,"numberOfServings":null,"restrictions":null,"initialProductInformation":{"netVolume":{"value":0.25,"unit":"l","quantity":1},"deposit":{"value":0.15,"type":"exclusive"},"pricePerUnit":{"value":11,"quantity":1,"unitType":"l"}}}],"restrictions":null,"energyContent":{"energyDisplay":""},"numberOfServings":{"servingsDisplay":""},"hasVariablePrice":false,"hasVariableEnergyContent":false,"energyUnits":"none","hasVariableServings":false,"initialProductInformation":{"netVolume":{"value":0.25,"unit":"l","quantity":1},"deposit":{"value":0.15,"type":"exclusive"},"pricePerUnit":{"value":11,"quantity":1,"unitType":"l"}}},"335133380":{"id":"335133380","name":"Poms 250ml","description":"Blikje","imageSources":[{"path":"https://just-eat-prod-eu-res.cloudinary.com/image/upload/c_fill,q_auto,{transformations}/v1/nl/dishes/4164928/50412c1963af2fbfaf44f6f49d471cb0","source":"Cloudinaryv2"}],"type":"menuitem","labels":[],"variations":[{"id":"335133380","name":"","type":"NoVariation","basePrice":2.75,"dealOnly":false,"menuGroupIds":["nl:4164928:08e88e472cf8b90b0f64aa3bb3da4bee134f175c","nl:4164928:809a9a921d448d4291f0aee769c00edc915c32d3"],"modifierGroupsIds":[],"dealGroupsIds":null,"nutritionalInfo":null,"numberOfServings":null,"restrictions":null,"initialProductInformation":{"netVolume":{"value":0.25,"unit":"l","quantity":1},"deposit":{"value":0.15,"type":"exclusive"},"pricePerUnit":{"value":11,"quantity":1,"unitType":"l"}}}],"restrictions":null,"energyContent":{"energyDisplay":""},"numberOfServings":{"servingsDisplay":""},"hasVariablePrice":false,"hasVariableEnergyContent":false,"energyUnits":"none","hasVariableServings":false,"initialProductInformation":{"netVolume":{"value":0.25,"unit":"l","quantity":1},"deposit":{"value":0.15,"type":"exclusive"},"pricePerUnit":{"value":11,"quantity":1,"unitType":"l"}}},"335133390":{"id":"335133390","name":"Cream Soda 330ml","description":"Blikje","imageSources":[],"type":"menuitem","labels":[],"variations":[{"id":"335133390","name":"","type":"NoVariation","basePrice":2.85,"dealOnly":false,"menuGroupIds":["nl:4164928:08e88e472cf8b90b0f64aa3bb3da4bee134f175c","nl:4164928:809a9a921d448d4291f0aee769c00edc915c32d3"],"modifierGroupsIds":[],"dealGroupsIds":null,"nutritionalInfo":null,"numberOfServings":null,"restrictions":null,"initialProductInformation":{"netVolume":{"value":0.33,"unit":"l","quantity":1},"deposit":{"value":0.15,"type":"exclusive"},"pricePerUnit":{"value":8.64,"quantity":1,"unitType":"l"}}}],"restrictions":null,"energyContent":{"energyDisplay":""},"numberOfServings":{"servingsDisplay":""},"hasVariablePrice":false,"hasVariableEnergyContent":false,"energyUnits":"none","hasVariableServings":false,"initialProductInformation":{"netVolume":{"value":0.33,"unit":"l","quantity":1},"deposit":{"value":0.15,"type":"exclusive"},"pricePerUnit":{"value":8.64,"quantity":1,"unitType":"l"}}},"335133400":{"id":"335133400","name":"Slammers Energy 250ml","description":"Blikje","imageSources":[],"type":"menuitem","labels":[],"variations":[{"id":"335133400","name":"","type":"NoVariation","basePrice":2.35,"dealOnly":false,"menuGroupIds":["nl:4164928:08e88e472cf8b90b0f64aa3bb3da4bee134f175c","nl:4164928:809a9a921d448d4291f0aee769c00edc915c32d3"],"modifierGroupsIds":[],"dealGroupsIds":null,"nutritionalInfo":null,"numberOfServings":null,"restrictions":null,"initialProductInformation":{"netVolume":{"value":0.25,"unit":"l","quantity":1},"deposit":{"value":0.15,"type":"exclusive"},"pricePerUnit":{"value":9.4,"quantity":1,"unitType":"l"}}}],"restrictions":null,"energyContent":{"energyDisplay":""},"numberOfServings":{"servingsDisplay":""},"hasVariablePrice":false,"hasVariableEnergyContent":false,"energyUnits":"none","hasVariableServings":false,"initialProductInformation":{"netVolume":{"value":0.25,"unit":"l","quantity":1},"deposit":{"value":0.15,"type":"exclusive"},"pricePerUnit":{"value":9.4,"quantity":1,"unitType":"l"}}},"592305003":{"id":"592305003","name":"Lipton ice tea sparkling 330ml","description":"Blikje","imageSources":[{"path":"https://just-eat-prod-eu-res.cloudinary.com/image/upload/c_fill,q_auto,{transformations}/v1/nl/dishes/4164928/8bd8ea2ddce56e524fd2351c4b6ff190","source":"Cloudinaryv2"}],"type":"menuitem","labels":[],"variations":[{"id":"592305003","name":"","type":"NoVariation","basePrice":2.75,"dealOnly":false,"menuGroupIds":["nl:4164928:08e88e472cf8b90b0f64aa3bb3da4bee134f175c","nl:4164928:809a9a921d448d4291f0aee769c00edc915c32d3"],"modifierGroupsIds":[],"dealGroupsIds":null,"nutritionalInfo":null,"numberOfServings":null,"restrictions":null,"initialProductInformation":{"netVolume":{"value":0.33,"unit":"l","quantity":1},"deposit":{"value":0.15,"type":"exclusive"},"pricePerUnit":{"value":8.33,"quantity":1,"unitType":"l"}}}],"restrictions":null,"energyContent":{"energyDisplay":""},"numberOfServings":{"servingsDisplay":""},"hasVariablePrice":false,"hasVariableEnergyContent":false,"energyUnits":"none","hasVariableServings":false,"initialProductInformation":{"netVolume":{"value":0.33,"unit":"l","quantity":1},"deposit":{"value":0.15,"type":"exclusive"},"pricePerUnit":{"value":8.33,"quantity":1,"unitType":"l"}}},"592305013":{"id":"592305013","name":"Lipton ice tea peach 330ml","description":"Blikje","imageSources":[{"path":"https://just-eat-prod-eu-res.cloudinary.com/image/upload/c_fill,q_auto,{transformations}/v1/nl/dishes/4164928/04040cd0c9a065deb0a1208aedfb8040","source":"Cloudinaryv2"}],"type":"menuitem","labels":[],"variations":[{"id":"592305013","name":"","type":"NoVariation","basePrice":2.75,"dealOnly":false,"menuGroupIds":["nl:4164928:08e88e472cf8b90b0f64aa3bb3da4bee134f175c","nl:4164928:809a9a921d448d4291f0aee769c00edc915c32d3"],"modifierGroupsIds":[],"dealGroupsIds":null,"nutritionalInfo":null,"numberOfServings":null,"restrictions":null,"initialProductInformation":{"netVolume":{"value":0.33,"unit":"l","quantity":1},"deposit":{"value":0.15,"type":"exclusive"},"pricePerUnit":{"value":8.33,"quantity":1,"unitType":"l"}}}],"restrictions":null,"energyContent":{"energyDisplay":""},"numberOfServings":{"servingsDisplay":""},"hasVariablePrice":false,"hasVariableEnergyContent":false,"energyUnits":"none","hasVariableServings":false,"initialProductInformation":{"netVolume":{"value":0.33,"unit":"l","quantity":1},"deposit":{"value":0.15,"type":"exclusive"},"pricePerUnit":{"value":8.33,"quantity":1,"unitType":"l"}}},"595123133":{"id":"595123133","name":"Kapsalon kipfilet","description":"","imageSources":[],"type":"menuitem","labels":[],"variations":[{"id":"595123133","name":"","type":"NoVariation","basePrice":11.5,"dealOnly":false,"menuGroupIds":["nl:4164928:08e88e472cf8b90b0f64aa3bb3da4bee134f175c","nl:4164928:809a9a921d448d4291f0aee769c00edc915c32d3"],"modifierGroupsIds":["24922330-5","24922330-6","24922330-2","24922330-3","24922330-4","24922330-7"],"dealGroupsIds":null,"nutritionalInfo":null,"numberOfServings":null,"restrictions":null}],"restrictions":null,"energyContent":{"energyDisplay":""},"numberOfServings":{"servingsDisplay":""},"hasVariablePrice":true,"hasVariableEnergyContent":true,"energyUnits":"none","hasVariableServings":false},"595123483":{"id":"595123483","name":"KaassoufflÃ©","description":"","imageSources":[],"type":"menuitem","labels":[],"variations":[{"id":"595123483","name":"","type":"NoVariation","basePrice":2.5,"dealOnly":false,"menuGroupIds":["nl:4164928:08e88e472cf8b90b0f64aa3bb3da4bee134f175c","nl:4164928:809a9a921d448d4291f0aee769c00edc915c32d3"],"modifierGroupsIds":["24922690-4"],"dealGroupsIds":null,"nutritionalInfo":null,"numberOfServings":null,"restrictions":null}],"restrictions":null,"energyContent":{"energyDisplay":""},"numberOfServings":{"servingsDisplay":""},"hasVariablePrice":false,"hasVariableEnergyContent":true,"energyUnits":"none","hasVariableServings":false},"595124123":{"id":"595124123","name":"Kipcorn","description":"Halal","imageSources":[],"type":"menuitem","labels":[],"variations":[{"id":"595124123","name":"","type":"NoVariation","basePrice":2.5,"dealOnly":false,"menuGroupIds":["nl:4164928:08e88e472cf8b90b0f64aa3bb3da4bee134f175c","nl:4164928:809a9a921d448d4291f0aee769c00edc915c32d3"],"modifierGroupsIds":["24922690-4"],"dealGroupsIds":null,"nutritionalInfo":null,"numberOfServings":null,"restrictions":null}],"restrictions":null,"energyContent":{"energyDisplay":""},"numberOfServings":{"servingsDisplay":""},"hasVariablePrice":false,"hasVariableEnergyContent":true,"energyUnits":"none","hasVariableServings":false},"595146663":{"id":"595146663","name":"Frikandel","description":"Halal","imageSources":[],"type":"menuitem","labels":[],"variations":[{"id":"595146663","name":"","type":"NoVariation","basePrice":2.5,"dealOnly":false,"menuGroupIds":["nl:4164928:08e88e472cf8b90b0f64aa3bb3da4bee134f175c","nl:4164928:809a9a921d448d4291f0aee769c00edc915c32d3"],"modifierGroupsIds":["24922690-4"],"dealGroupsIds":null,"nutritionalInfo":null,"numberOfServings":null,"restrictions":null}],"restrictions":null,"energyContent":{"energyDisplay":""},"numberOfServings":{"servingsDisplay":""},"hasVariablePrice":false,"hasVariableEnergyContent":true,"energyUnits":"none","hasVariableServings":false},"595146693":{"id":"595146693","name":"Kipnuggets 6 stuks","description":"Halal","imageSources":[],"type":"menuitem","labels":[],"variations":[{"id":"595146693","name":"","type":"NoVariation","basePrice":4.5,"dealOnly":false,"menuGroupIds":["nl:4164928:08e88e472cf8b90b0f64aa3bb3da4bee134f175c","nl:4164928:809a9a921d448d4291f0aee769c00edc915c32d3"],"modifierGroupsIds":["24922690-4"],"dealGroupsIds":null,"nutritionalInfo":null,"numberOfServings":null,"restrictions":null}],"restrictions":null,"energyContent":{"energyDisplay":""},"numberOfServings":{"servingsDisplay":""},"hasVariablePrice":false,"hasVariableEnergyContent":true,"energyUnits":"none","hasVariableServings":false},"595146783":{"id":"595146783","name":"Kipnuggets 9 stuks","description":"Halal","imageSources":[],"type":"menuitem","labels":[],"variations":[{"id":"595146783","name":"","type":"NoVariation","basePrice":6.5,"dealOnly":false,"menuGroupIds":["nl:4164928:08e88e472cf8b90b0f64aa3bb3da4bee134f175c","nl:4164928:809a9a921d448d4291f0aee769c00edc915c32d3"],"modifierGroupsIds":["24922690-4"],"dealGroupsIds":null,"nutritionalInfo":null,"numberOfServings":null,"restrictions":null}],"restrictions":null,"energyContent":{"energyDisplay":""},"numberOfServings":{"servingsDisplay":""},"hasVariablePrice":false,"hasVariableEnergyContent":true,"energyUnits":"none","hasVariableServings":false},"595955643":{"id":"595955643","name":"DÃ¼rÃ¼m kipfilet","description":"","imageSources":[],"type":"menuitem","labels":[],"variations":[{"id":"595955643","name":"","type":"NoVariation","basePrice":8.5,"dealOnly":false,"menuGroupIds":["nl:4164928:08e88e472cf8b90b0f64aa3bb3da4bee134f175c","nl:4164928:809a9a921d448d4291f0aee769c00edc915c32d3"],"modifierGroupsIds":["456154956-2","456154956-3","456154956-4","456154956-6","456154956-7","456154956-5"],"dealGroupsIds":null,"nutritionalInfo":null,"numberOfServings":null,"restrictions":null}],"restrictions":null,"energyContent":{"energyDisplay":""},"numberOfServings":{"servingsDisplay":""},"hasVariablePrice":false,"hasVariableEnergyContent":true,"energyUnits":"none","hasVariableServings":false},"595955753":{"id":"595955753","name":"Kipfilet schotel","description":"","imageSources":[],"type":"menuitem","labels":[],"variations":[{"id":"595955753","name":"","type":"NoVariation","basePrice":17.5,"dealOnly":false,"menuGroupIds":["nl:4164928:08e88e472cf8b90b0f64aa3bb3da4bee134f175c","nl:4164928:809a9a921d448d4291f0aee769c00edc915c32d3"],"modifierGroupsIds":["24922810-6","24922810-2","24922810-3","24922810-4","24922810-7"],"dealGroupsIds":null,"nutritionalInfo":null,"numberOfServings":null,"restrictions":null}],"restrictions":null,"energyContent":{"energyDisplay":""},"numberOfServings":{"servingsDisplay":""},"hasVariablePrice":true,"hasVariableEnergyContent":true,"energyUnits":"none","hasVariableServings":false},"596602193":{"id":"596602193","name":"Broodje kÃ¶fte","description":"","imageSources":[],"type":"menuitem","labels":[],"variations":[{"id":"596602193","name":"","type":"NoVariation","basePrice":9.5,"dealOnly":false,"menuGroupIds":["nl:4164928:08e88e472cf8b90b0f64aa3bb3da4bee134f175c","nl:4164928:809a9a921d448d4291f0aee769c00edc915c32d3"],"modifierGroupsIds":["24922290-2","24922290-3","24922290-4","24922290-6","24922290-5"],"dealGroupsIds":null,"nutritionalInfo":null,"numberOfServings":null,"restrictions":null}],"restrictions":null,"energyContent":{"energyDisplay":""},"numberOfServings":{"servingsDisplay":""},"hasVariablePrice":true,"hasVariableEnergyContent":true,"energyUnits":"none","hasVariableServings":false},"631820046":{"id":"631820046","name":"DÃ¼rÃ¼m kip en kalf","description":"","imageSources":[],"type":"menuitem","labels":[],"variations":[{"id":"631820046","name":"","type":"NoVariation","basePrice":8,"dealOnly":false,"menuGroupIds":["nl:4164928:08e88e472cf8b90b0f64aa3bb3da4bee134f175c","nl:4164928:809a9a921d448d4291f0aee769c00edc915c32d3"],"modifierGroupsIds":["456154956-2","456154956-3","456154956-4","456154956-6","456154956-7","456154956-5"],"dealGroupsIds":null,"nutritionalInfo":null,"numberOfServings":null,"restrictions":null}],"restrictions":null,"energyContent":{"energyDisplay":""},"numberOfServings":{"servingsDisplay":""},"hasVariablePrice":false,"hasVariableEnergyContent":true,"energyUnits":"none","hasVariableServings":false},"937793143":{"id":"937793143","name":"Wrap kÃ¶fte","description":"","imageSources":[],"type":"menuitem","labels":[],"variations":[{"id":"937793143","name":"","type":"NoVariation","basePrice":9.5,"dealOnly":false,"menuGroupIds":["nl:4164928:08e88e472cf8b90b0f64aa3bb3da4bee134f175c","nl:4164928:809a9a921d448d4291f0aee769c00edc915c32d3"],"modifierGroupsIds":[],"dealGroupsIds":null,"nutritionalInfo":null,"numberOfServings":null,"restrictions":null}],"restrictions":null,"energyContent":{"energyDisplay":""},"numberOfServings":{"servingsDisplay":""},"hasVariablePrice":false,"hasVariableEnergyContent":false,"energyUnits":"none","hasVariableServings":false},"937815903":{"id":"937815903","name":"Ispanakli peynirli pide","description":"Pide met spinazie en kaas","imageSources":[{"path":"https://just-eat-prod-eu-res.cloudinary.com/image/upload/c_fill,q_auto,{transformations}/v1/nl/dishes/4164928/45bcb88fe392d37bd93afa9e4b82cb29","source":"Cloudinaryv2"}],"type":"menuitem","labels":[],"variations":[{"id":"937815903","name":"","type":"NoVariation","basePrice":13,"dealOnly":false,"menuGroupIds":["nl:4164928:08e88e472cf8b90b0f64aa3bb3da4bee134f175c","nl:4164928:809a9a921d448d4291f0aee769c00edc915c32d3"],"modifierGroupsIds":[],"dealGroupsIds":null,"nutritionalInfo":null,"numberOfServings":null,"restrictions":null}],"restrictions":null,"energyContent":{"energyDisplay":""},"numberOfServings":{"servingsDisplay":""},"hasVariablePrice":false,"hasVariableEnergyContent":false,"energyUnits":"none","hasVariableServings":false},"937816763":{"id":"937816763","name":"Kavurmali pide","description":"Pide met gebakken stukjes vlees","imageSources":[],"type":"menuitem","labels":[],"variations":[{"id":"937816763","name":"","type":"NoVariation","basePrice":15,"dealOnly":false,"menuGroupIds":["nl:4164928:08e88e472cf8b90b0f64aa3bb3da4bee134f175c","nl:4164928:809a9a921d448d4291f0aee769c00edc915c32d3"],"modifierGroupsIds":[],"dealGroupsIds":null,"nutritionalInfo":null,"numberOfServings":null,"restrictions":null}],"restrictions":null,"energyContent":{"energyDisplay":""},"numberOfServings":{"servingsDisplay":""},"hasVariablePrice":false,"hasVariableEnergyContent":false,"energyUnits":"none","hasVariableServings":false},"937818543":{"id":"937818543","name":"Shoarmali pide","description":"Pide met shoarma","imageSources":[],"type":"menuitem","labels":[],"variations":[{"id":"937818543","name":"","type":"NoVariation","basePrice":15,"dealOnly":false,"menuGroupIds":["nl:4164928:08e88e472cf8b90b0f64aa3bb3da4bee134f175c","nl:4164928:809a9a921d448d4291f0aee769c00edc915c32d3"],"modifierGroupsIds":[],"dealGroupsIds":null,"nutritionalInfo":null,"numberOfServings":null,"restrictions":null}],"restrictions":null,"energyContent":{"energyDisplay":""},"numberOfServings":{"servingsDisplay":""},"hasVariablePrice":false,"hasVariableEnergyContent":false,"energyUnits":"none","hasVariableServings":false},"937835033":{"id":"937835033","name":"Tonbalikli pide","description":"Pide met tonijn","imageSources":[],"type":"menuitem","labels":[],"variations":[{"id":"937835033","name":"","type":"NoVariation","basePrice":15,"dealOnly":false,"menuGroupIds":["nl:4164928:08e88e472cf8b90b0f64aa3bb3da4bee134f175c","nl:4164928:809a9a921d448d4291f0aee769c00edc915c32d3"],"modifierGroupsIds":[],"dealGroupsIds":null,"nutritionalInfo":null,"numberOfServings":null,"restrictions":null}],"restrictions":null,"energyContent":{"energyDisplay":""},"numberOfServings":{"servingsDisplay":""},"hasVariablePrice":false,"hasVariableEnergyContent":false,"energyUnits":"none","hasVariableServings":false},"937836683":{"id":"937836683","name":"Kiymali yumurtali pide","description":"Pide met gehakt en ei","imageSources":[{"path":"https://just-eat-prod-eu-res.cloudinary.com/image/upload/c_fill,q_auto,{transformations}/v1/nl/dishes/4164928/990f88d5e1507cfff1a404b10e23ab71","source":"Cloudinaryv2"}],"type":"menuitem","labels":[],"variations":[{"id":"937836683","name":"","type":"NoVariation","basePrice":13.5,"dealOnly":false,"menuGroupIds":["nl:4164928:08e88e472cf8b90b0f64aa3bb3da4bee134f175c","nl:4164928:809a9a921d448d4291f0aee769c00edc915c32d3"],"modifierGroupsIds":[],"dealGroupsIds":null,"nutritionalInfo":null,"numberOfServings":null,"restrictions":null}],"restrictions":null,"energyContent":{"energyDisplay":""},"numberOfServings":{"servingsDisplay":""},"hasVariablePrice":false,"hasVariableEnergyContent":false,"energyUnits":"none","hasVariableServings":false},"937839233":{"id":"937839233","name":"Kipnuggets","description":"","imageSources":[],"type":"menuitem","labels":[],"variations":[{"id":"937839233","name":"","type":"NoVariation","basePrice":6.5,"dealOnly":false,"menuGroupIds":["nl:4164928:08e88e472cf8b90b0f64aa3bb3da4bee134f175c","nl:4164928:809a9a921d448d4291f0aee769c00edc915c32d3"],"modifierGroupsIds":[],"dealGroupsIds":null,"nutritionalInfo":null,"numberOfServings":null,"restrictions":null}],"restrictions":null,"energyContent":{"energyDisplay":""},"numberOfServings":{"servingsDisplay":""},"hasVariablePrice":false,"hasVariableEnergyContent":false,"energyUnits":"none","hasVariableServings":false},"937912293":{"id":"937912293","name":"Sutlac","description":"","imageSources":[],"type":"menuitem","labels":[],"variations":[{"id":"937912293","name":"","type":"NoVariation","basePrice":6.5,"dealOnly":false,"menuGroupIds":["nl:4164928:08e88e472cf8b90b0f64aa3bb3da4bee134f175c","nl:4164928:809a9a921d448d4291f0aee769c00edc915c32d3"],"modifierGroupsIds":[],"dealGroupsIds":null,"nutritionalInfo":null,"numberOfServings":null,"restrictions":null}],"restrictions":null,"energyContent":{"energyDisplay":""},"numberOfServings":{"servingsDisplay":""},"hasVariablePrice":false,"hasVariableEnergyContent":false,"energyUnits":"none","hasVariableServings":false},"937912313":{"id":"937912313","name":"Kunefe","description":"","imageSources":[],"type":"menuitem","labels":[],"variations":[{"id":"937912313","name":"","type":"NoVariation","basePrice":9.5,"dealOnly":false,"menuGroupIds":["nl:4164928:08e88e472cf8b90b0f64aa3bb3da4bee134f175c","nl:4164928:809a9a921d448d4291f0aee769c00edc915c32d3"],"modifierGroupsIds":[],"dealGroupsIds":null,"nutritionalInfo":null,"numberOfServings":null,"restrictions":null}],"restrictions":null,"energyContent":{"energyDisplay":""},"numberOfServings":{"servingsDisplay":""},"hasVariablePrice":false,"hasVariableEnergyContent":false,"energyUnits":"none","hasVariableServings":false},"937912323":{"id":"937912323","name":"Katmer","description":"","imageSources":[],"type":"menuitem","labels":[],"variations":[{"id":"937912323","name":"","type":"NoVariation","basePrice":9.5,"dealOnly":false,"menuGroupIds":["nl:4164928:08e88e472cf8b90b0f64aa3bb3da4bee134f175c","nl:4164928:809a9a921d448d4291f0aee769c00edc915c32d3"],"modifierGroupsIds":[],"dealGroupsIds":null,"nutritionalInfo":null,"numberOfServings":null,"restrictions":null}],"restrictions":null,"energyContent":{"energyDisplay":""},"numberOfServings":{"servingsDisplay":""},"hasVariablePrice":false,"hasVariableEnergyContent":false,"energyUnits":"none","hasVariableServings":false},"335115630-DELIVERY":{"id":"335115630-DELIVERY","name":"DÃ¼rÃ¼m sucuk dÃ¶ner","description":"Met salade en saus","imageSources":[],"type":"menuitem","labels":[],"variations":[{"id":"335115630-DELIVERY","name":"","type":"NoVariation","basePrice":8.5,"dealOnly":false,"menuGroupIds":["nl:4164928:809a9a921d448d4291f0aee769c00edc915c32d3"],"modifierGroupsIds":["24922290-2","24922290-3","24922290-4","24922290-6","24922290-5"],"dealGroupsIds":null,"nutritionalInfo":null,"numberOfServings":null,"restrictions":null}],"restrictions":null,"energyContent":{"energyDisplay":""},"numberOfServings":{"servingsDisplay":""},"hasVariablePrice":true,"hasVariableEnergyContent":true,"energyUnits":"none","hasVariableServings":false},"335115630-PICKUP":{"id":"335115630-PICKUP","name":"DÃ¼rÃ¼m sucuk dÃ¶ner","description":"Met salade en saus","imageSources":[],"type":"menuitem","labels":[],"variations":[{"id":"335115630-PICKUP","name":"","type":"NoVariation","basePrice":8,"dealOnly":false,"menuGroupIds":["nl:4164928:08e88e472cf8b90b0f64aa3bb3da4bee134f175c"],"modifierGroupsIds":["24922290-2","24922290-3","24922290-4","24922290-6","24922290-5"],"dealGroupsIds":null,"nutritionalInfo":null,"numberOfServings":null,"restrictions":null}],"restrictions":null,"energyContent":{"energyDisplay":""},"numberOfServings":{"servingsDisplay":""},"hasVariablePrice":true,"hasVariableEnergyContent":true,"energyUnits":"none","hasVariableServings":false},"335116120-DELIVERY":{"id":"335116120-DELIVERY","name":"Kapsalon shoarma","description":"","imageSources":[],"type":"menuitem","labels":[],"variations":[{"id":"335116120-DELIVERY","name":"","type":"NoVariation","basePrice":8,"dealOnly":false,"menuGroupIds":["nl:4164928:809a9a921d448d4291f0aee769c00edc915c32d3"],"modifierGroupsIds":["24922360-5","24922360-6","24922360-2","24922360-3","24922360-4","24922360-7-DELIVERY"],"dealGroupsIds":null,"nutritionalInfo":null,"numberOfServings":null,"restrictions":null}],"restrictions":null,"energyContent":{"energyDisplay":""},"numberOfServings":{"servingsDisplay":""},"hasVariablePrice":true,"hasVariableEnergyContent":true,"energyUnits":"none","hasVariableServings":false},"335116120-PICKUP":{"id":"335116120-PICKUP","name":"Kapsalon shoarma","description":"","imageSources":[],"type":"menuitem","labels":[],"variations":[{"id":"335116120-PICKUP","name":"","type":"NoVariation","basePrice":8,"dealOnly":false,"menuGroupIds":["nl:4164928:08e88e472cf8b90b0f64aa3bb3da4bee134f175c"],"modifierGroupsIds":["24922360-5","24922360-6","24922360-2","24922360-3","24922360-4","24922360-7-PICKUP"],"dealGroupsIds":null,"nutritionalInfo":null,"numberOfServings":null,"restrictions":null}],"restrictions":null,"energyContent":{"energyDisplay":""},"numberOfServings":{"servingsDisplay":""},"hasVariablePrice":true,"hasVariableEnergyContent":true,"energyUnits":"none","hasVariableServings":false},"335116130-DELIVERY":{"id":"335116130-DELIVERY","name":"Kapsalon kÃ¶fte","description":"","imageSources":[],"type":"menuitem","labels":[],"variations":[{"id":"335116130-DELIVERY","name":"","type":"NoVariation","basePrice":11.5,"dealOnly":false,"menuGroupIds":["nl:4164928:809a9a921d448d4291f0aee769c00edc915c32d3"],"modifierGroupsIds":["24922360-5","24922360-6","24922360-2","24922360-3","24922360-4","24922360-7-DELIVERY"],"dealGroupsIds":null,"nutritionalInfo":null,"numberOfServings":null,"restrictions":null}],"restrictions":null,"energyContent":{"energyDisplay":""},"numberOfServings":{"servingsDisplay":""},"hasVariablePrice":true,"hasVariableEnergyContent":true,"energyUnits":"none","hasVariableServings":false},"335116130-PICKUP":{"id":"335116130-PICKUP","name":"Kapsalon kÃ¶fte","description":"","imageSources":[],"type":"menuitem","labels":[],"variations":[{"id":"335116130-PICKUP","name":"","type":"NoVariation","basePrice":11.5,"dealOnly":false,"menuGroupIds":["nl:4164928:08e88e472cf8b90b0f64aa3bb3da4bee134f175c"],"modifierGroupsIds":["24922360-5","24922360-6","24922360-2","24922360-3","24922360-4","24922360-7-PICKUP"],"dealGroupsIds":null,"nutritionalInfo":null,"numberOfServings":null,"restrictions":null}],"restrictions":null,"energyContent":{"energyDisplay":""},"numberOfServings":{"servingsDisplay":""},"hasVariablePrice":true,"hasVariableEnergyContent":true,"energyUnits":"none","hasVariableServings":false},"335126020-DELIVERY":{"id":"335126020-DELIVERY","name":"Linzensoep","description":"","imageSources":[],"type":"menuitem","labels":[],"variations":[{"id":"335126020-DELIVERY","name":"","type":"NoVariation","basePrice":7.5,"dealOnly":false,"menuGroupIds":["nl:4164928:809a9a921d448d4291f0aee769c00edc915c32d3"],"modifierGroupsIds":["56511698-6","56511698-4","56511698-5"],"dealGroupsIds":null,"nutritionalInfo":null,"numberOfServings":null,"restrictions":null}],"restrictions":null,"energyContent":{"energyDisplay":""},"numberOfServings":{"servingsDisplay":""},"hasVariablePrice":true,"hasVariableEnergyContent":true,"energyUnits":"none","hasVariableServings":false},"335126020-PICKUP":{"id":"335126020-PICKUP","name":"Linzensoep","description":"","imageSources":[],"type":"menuitem","labels":[],"variations":[{"id":"335126020-PICKUP","name":"","type":"NoVariation","basePrice":5.5,"dealOnly":false,"menuGroupIds":["nl:4164928:08e88e472cf8b90b0f64aa3bb3da4bee134f175c"],"modifierGroupsIds":["56511698-6","56511698-4","56511698-5"],"dealGroupsIds":null,"nutritionalInfo":null,"numberOfServings":null,"restrictions":null}],"restrictions":null,"energyContent":{"energyDisplay":""},"numberOfServings":{"servingsDisplay":""},"hasVariablePrice":true,"hasVariableEnergyContent":true,"energyUnits":"none","hasVariableServings":false},"335126030-DELIVERY":{"id":"335126030-DELIVERY","name":"Kippensoep","description":"","imageSources":[],"type":"menuitem","labels":[],"variations":[{"id":"335126030-DELIVERY","name":"","type":"NoVariation","basePrice":7.5,"dealOnly":false,"menuGroupIds":["nl:4164928:809a9a921d448d4291f0aee769c00edc915c32d3"],"modifierGroupsIds":["56511698-6","56511698-4","56511698-5"],"dealGroupsIds":null,"nutritionalInfo":null,"numberOfServings":null,"restrictions":null}],"restrictions":null,"energyContent":{"energyDisplay":""},"numberOfServings":{"servingsDisplay":""},"hasVariablePrice":true,"hasVariableEnergyContent":true,"energyUnits":"none","hasVariableServings":false},"335126030-PICKUP":{"id":"335126030-PICKUP","name":"Kippensoep","description":"","imageSources":[],"type":"menuitem","labels":[],"variations":[{"id":"335126030-PICKUP","name":"","type":"NoVariation","basePrice":5.5,"dealOnly":false,"menuGroupIds":["nl:4164928:08e88e472cf8b90b0f64aa3bb3da4bee134f175c"],"modifierGroupsIds":["56511698-6","56511698-4","56511698-5"],"dealGroupsIds":null,"nutritionalInfo":null,"numberOfServings":null,"restrictions":null}],"restrictions":null,"energyContent":{"energyDisplay":""},"numberOfServings":{"servingsDisplay":""},"hasVariablePrice":true,"hasVariableEnergyContent":true,"energyUnits":"none","hasVariableServings":false}},"quantityRestrictions":[],"dealGroups":[],"modifierGroups":[{"id":"24922290-2","name":"Salade","minChoices":0,"maxChoices":5,"modifiers":["1","2","3","4","5"]},{"id":"24922290-3","name":"Saus","minChoices":1,"maxChoices":1,"modifiers":["6","7","8","9","10","11","12","13","14"]},{"id":"24922290-4","name":"Extra's","minChoices":0,"maxChoices":8,"modifiers":["15","16","17","18","19","20","21","22"]},{"id":"24922290-6","name":"Wilt u er patat op?","minChoices":0,"maxChoices":1,"modifiers":["23"]},{"id":"24922290-5","name":"Wilt u er een drankje bij?","minChoices":0,"maxChoices":28,"modifiers":["24","25","26","27","28","29","30","31","32","33","34","35","36","37","38","39","40","41","42","43","44","45","46","47","48","49","50","51"]},{"id":"25014970-5","name":"Vlees","minChoices":1,"maxChoices":1,"modifiers":["52","53","54","55"]},{"id":"25014970-2","name":"Salade","minChoices":0,"maxChoices":5,"modifiers":["56","57","58","59","60"]},{"id":"25014970-3","name":"Saus","minChoices":1,"maxChoices":1,"modifiers":["61","62","63","64","65","66","67","68","69"]},{"id":"25014970-4","name":"Extra's","minChoices":0,"maxChoices":8,"modifiers":["70","71","72","73","74","75","76","77"]},{"id":"25014970-7","name":"Wilt u er patat op?","minChoices":0,"maxChoices":1,"modifiers":["78"]},{"id":"25014970-6","name":"Wilt u er een drankje bij?","minChoices":0,"maxChoices":28,"modifiers":["79","80","81","82","83","84","85","86","87","88","89","90","91","92","93","94","95","96","97","98","99","100","101","102","103","104","105","106"]},{"id":"24922330-5","name":"Formaat","minChoices":1,"maxChoices":1,"modifiers":["107","108","109"]},{"id":"24922330-6","name":"Patat of rijst","minChoices":1,"maxChoices":1,"modifiers":["110","111"]},{"id":"24922330-2","name":"Salade","minChoices":0,"maxChoices":5,"modifiers":["112","113","114","115","116"]},{"id":"24922330-3","name":"Saus","minChoices":1,"maxChoices":1,"modifiers":["117","118","119","120","121","122","123","124","125"]},{"id":"24922330-4","name":"Extra's","minChoices":0,"maxChoices":8,"modifiers":["126","127","128","129","130","131","132","133"]},{"id":"24922330-7","name":"Wilt u er een drankje bij?","minChoices":0,"maxChoices":28,"modifiers":["134","135","136","137","138","139","140","141","142","143","144","145","146","147","148","149","150","151","152","153","154","155","156","157","158","159","160","161"]},{"id":"24922360-5","name":"Formaat","minChoices":1,"maxChoices":1,"modifiers":["162","163","164"]},{"id":"24922360-6","name":"Patat of rijst","minChoices":1,"maxChoices":1,"modifiers":["165","166"]},{"id":"24922360-2","name":"Salade","minChoices":0,"maxChoices":5,"modifiers":["167","168","169","170","171"]},{"id":"24922360-3","name":"Saus","minChoices":1,"maxChoices":1,"modifiers":["172","173","174","175","176","177","178","179","180"]},{"id":"24922360-4","name":"Extra's","minChoices":0,"maxChoices":8,"modifiers":["181","182","183","184","185","186","187","188"]},{"id":"24922360-7-DELIVERY","name":"Wilt u er een drankje bij?","minChoices":0,"maxChoices":28,"modifiers":["189","190","191","192","193","194","195","196","197","198","199","200","201","202","203","204","205","206","207","208","209","210","211","212","213","214","215","216"]},{"id":"24922360-7-PICKUP","name":"Wilt u er een drankje bij?","minChoices":0,"maxChoices":28,"modifiers":["189","190","191","192","193","194","217","196","197","198","199","200","201","202","203","204","205","206","207","208","209","210","211","212","213","214","215","216"]},{"id":"24922440-5","name":"Formaat","minChoices":1,"maxChoices":1,"modifiers":["218","219"]},{"id":"24922440-6","name":"Patat of rijst","minChoices":1,"maxChoices":1,"modifiers":["220","221"]},{"id":"24922440-2","name":"Salade","minChoices":0,"maxChoices":5,"modifiers":["222","223","224","225","226"]},{"id":"24922440-3","name":"Saus","minChoices":1,"maxChoices":1,"modifiers":["227","228","229","230","231","232","233","234","235"]},{"id":"24922440-4","name":"Extra's","minChoices":0,"maxChoices":8,"modifiers":["236","237","238","239","240","241","242","243"]},{"id":"24922440-7","name":"Wilt u er een drankje bij?","minChoices":0,"maxChoices":28,"modifiers":["244","245","246","247","248","249","250","251","252","253","254","255","256","257","258","259","260","261","262","263","264","265","266","267","268","269","270","271"]},{"id":"24922460-5","name":"Formaat","minChoices":1,"maxChoices":1,"modifiers":["272","273"]},{"id":"24922460-6","name":"Patat of rijst","minChoices":1,"maxChoices":1,"modifiers":["274","275"]},{"id":"24922460-2","name":"Salade","minChoices":0,"maxChoices":5,"modifiers":["276","277","278","279","280"]},{"id":"24922460-3","name":"Saus","minChoices":1,"maxChoices":1,"modifiers":["281","282","283","284","285","286","287","288","289"]},{"id":"24922460-4","name":"Extra's","minChoices":0,"maxChoices":8,"modifiers":["290","291","292","293","294","295","296","297"]},{"id":"24922460-7","name":"Wilt u er een drankje bij?","minChoices":0,"maxChoices":28,"modifiers":["298","299","300","301","302","303","304","305","306","307","308","309","310","311","312","313","314","315","316","317","318","319","320","321","322","323","324","325"]},{"id":"56511528-2","name":"Wilt u er een drankje bij?","minChoices":0,"maxChoices":28,"modifiers":["326","327","328","329","330","331","332","333","334","335","336","337","338","339","340","341","342","343","344","345","346","347","348","349","350","351","352","353"]},{"id":"456154956-2","name":"Salade","minChoices":0,"maxChoices":5,"modifiers":["354","355","356","357","358"]},{"id":"456154956-3","name":"Saus","minChoices":1,"maxChoices":1,"modifiers":["359","360","361","362","363","364","365","366","367"]},{"id":"456154956-4","name":"Extra's","minChoices":0,"maxChoices":8,"modifiers":["368","369","370","371","372","373","374","375"]},{"id":"456154956-6","name":"Wilt u er patat op?","minChoices":0,"maxChoices":1,"modifiers":["376"]},{"id":"456154956-7","name":"Wilt u er kaas op?","minChoices":0,"maxChoices":1,"modifiers":["377"]},{"id":"456154956-5","name":"Wilt u er een drankje bij?","minChoices":0,"maxChoices":28,"modifiers":["378","379","380","381","382","383","384","385","386","387","388","389","390","391","392","393","394","395","396","397","398","399","400","401","402","403","404","405"]},{"id":"24922810-6","name":"Patat of rijst","minChoices":1,"maxChoices":1,"modifiers":["406","407"]},{"id":"24922810-2","name":"Salade","minChoices":0,"maxChoices":5,"modifiers":["408","409","410","411","412"]},{"id":"24922810-3","name":"Saus","minChoices":1,"maxChoices":1,"modifiers":["413","414","415","416","417","418","419","420","421"]},{"id":"24922810-4","name":"Extra's","minChoices":0,"maxChoices":8,"modifiers":["422","423","424","425","426","427","428","429"]},{"id":"24922810-7","name":"Wilt u er een drankje bij?","minChoices":0,"maxChoices":28,"modifiers":["430","431","432","433","434","435","436","437","438","439","440","441","442","443","444","445","446","447","448","449","450","451","452","453","454","455","456","457"]},{"id":"56511698-6","name":"Formaat","minChoices":1,"maxChoices":1,"modifiers":["458","459","460"]},{"id":"56511698-4","name":"Extra's","minChoices":0,"maxChoices":8,"modifiers":["461","462","463","464","465","466","467","468"]},{"id":"56511698-5","name":"Wilt u er een drankje bij?","minChoices":0,"maxChoices":28,"modifiers":["469","470","471","472","473","474","475","476","477","478","479","480","481","482","483","484","485","486","487","488","489","490","491","492","493","494","495","496"]},{"id":"119336418-6","name":"Formaat","minChoices":1,"maxChoices":1,"modifiers":["497","498","499"]},{"id":"119336418-4","name":"Extra's","minChoices":0,"maxChoices":8,"modifiers":["500","501","502","503","504","505","506","507"]},{"id":"119336418-5","name":"Wilt u er een drankje bij?","minChoices":0,"maxChoices":28,"modifiers":["508","509","510","511","512","513","514","515","516","517","518","519","520","521","522","523","524","525","526","527","528","529","530","531","532","533","534","535"]},{"id":"24922690-4","name":"Extra's","minChoices":0,"maxChoices":8,"modifiers":["536","537","538","539","540","541","542","543"]},{"id":"24923360-2","name":"Saus","minChoices":1,"maxChoices":1,"modifiers":["544","545"]},{"id":"24923360-3","name":"Uitjes?","minChoices":0,"maxChoices":1,"modifiers":["546"]},{"id":"24922740-2","name":"Aantal","minChoices":1,"maxChoices":1,"modifiers":["547","548","549"]}],"modifierSets":[{"id":"1","modifier":{"id":"923344160","name":"Sla","additionPrice":0,"removePrice":0,"defaultChoices":0,"minChoices":0,"maxChoices":1,"nutritionalInfo":null,"numberOfServings":null}},{"id":"2","modifier":{"id":"923344170","name":"Komkommer","additionPrice":0,"removePrice":0,"defaultChoices":0,"minChoices":0,"maxChoices":1,"nutritionalInfo":null,"numberOfServings":null}},{"id":"3","modifier":{"id":"923344180","name":"Tomaat","additionPrice":0,"removePrice":0,"defaultChoices":0,"minChoices":0,"maxChoices":1,"nutritionalInfo":null,"numberOfServings":null}},{"id":"4","modifier":{"id":"923344190","name":"Ui","additionPrice":0,"removePrice":0,"defaultChoices":0,"minChoices":0,"maxChoices":1,"nutritionalInfo":null,"numberOfServings":null}},{"id":"5","modifier":{"id":"923344200","name":"Wortelmix","additionPrice":0,"removePrice":0,"defaultChoices":0,"minChoices":0,"maxChoices":1,"nutritionalInfo":null,"numberOfServings":null}},{"id":"6","modifier":{"id":"1524266288","name":"Geen saus","additionPrice":0,"removePrice":0,"defaultChoices":0,"minChoices":0,"maxChoices":1,"nutritionalInfo":null,"numberOfServings":null}},{"id":"7","modifier":{"id":"923344240","name":"Knoflooksaus en sambal","additionPrice":0.95,"removePrice":0,"defaultChoices":0,"minChoices":0,"maxChoices":1,"nutritionalInfo":null,"numberOfServings":null}},{"id":"8","modifier":{"id":"923344220","name":"Knoflooksaus","additionPrice":0.95,"removePrice":0,"defaultChoices":0,"minChoices":0,"maxChoices":1,"nutritionalInfo":null,"numberOfServings":null}},{"id":"9","modifier":{"id":"923344230","name":"Sambal","additionPrice":0.95,"removePrice":0,"defaultChoices":0,"minChoices":0,"maxChoices":1,"nutritionalInfo":null,"numberOfServings":null}},{"id":"10","modifier":{"id":"923344250","name":"Andalouse","additionPrice":0.95,"removePrice":0,"defaultChoices":0,"minChoices":0,"maxChoices":1,"nutritionalInfo":null,"numberOfServings":null}},{"id":"11","modifier":{"id":"923344260","name":"Chilisaus","additionPrice":0.95,"removePrice":0,"defaultChoices":0,"minChoices":0,"maxChoices":1,"nutritionalInfo":null,"numberOfServings":null}},{"id":"12","modifier":{"id":"923344270","name":"Mayonaise","additionPrice":0.7,"removePrice":0,"defaultChoices":0,"minChoices":0,"maxChoices":1,"nutritionalInfo":null,"numberOfServings":null}},{"id":"13","modifier":{"id":"923344280","name":"Ketchup","additionPrice":0,"removePrice":0,"defaultChoices":0,"minChoices":0,"maxChoices":1,"nutritionalInfo":null,"numberOfServings":null}},{"id":"14","modifier":{"id":"923344290","name":"Currysaus","additionPrice":0,"removePrice":0,"defaultChoices":0,"minChoices":0,"maxChoices":1,"nutritionalInfo":null,"numberOfServings":null}},{"id":"15","modifier":{"id":"923344320","name":"Knoflooksaus en sambal","additionPrice":1.5,"removePrice":0,"defaultChoices":0,"minChoices":0,"maxChoices":1,"nutritionalInfo":null,"numberOfServings":null}},{"id":"16","modifier":{"id":"923344300","name":"Knoflooksaus","additionPrice":1,"removePrice":0,"defaultChoices":0,"minChoices":0,"maxChoices":1,"nutritionalInfo":null,"numberOfServings":null}},{"id":"17","modifier":{"id":"923344310","name":"Sambal","additionPrice":1,"removePrice":0,"defaultChoices":0,"minChoices":0,"maxChoices":1,"nutritionalInfo":null,"numberOfServings":null}},{"id":"18","modifier":{"id":"923344330","name":"Andalouse","additionPrice":1,"removePrice":0,"defaultChoices":0,"minChoices":0,"maxChoices":1,"nutritionalInfo":null,"numberOfServings":null}},{"id":"19","modifier":{"id":"923344340","name":"Chilisaus","additionPrice":1,"removePrice":0,"defaultChoices":0,"minChoices":0,"maxChoices":1,"nutritionalInfo":null,"numberOfServings":null}},{"id":"20","modifier":{"id":"923344350","name":"Mayonaise","additionPrice":1,"removePrice":0,"defaultChoices":0,"minChoices":0,"maxChoices":1,"nutritionalInfo":null,"numberOfServings":null}},{"id":"21","modifier":{"id":"923344360","name":"Ketchup","additionPrice":1,"removePrice":0,"defaultChoices":0,"minChoices":0,"maxChoices":1,"nutritionalInfo":null,"numberOfServings":null}},{"id":"22","modifier":{"id":"923344370","name":"Currysaus","additionPrice":1,"removePrice":0,"defaultChoices":0,"minChoices":0,"maxChoices":1,"nutritionalInfo":null,"numberOfServings":null}},{"id":"23","modifier":{"id":"11049049396","name":"Ja, met patat erop","additionPrice":1,"removePrice":0,"defaultChoices":0,"minChoices":0,"maxChoices":1,"nutritionalInfo":null,"numberOfServings":null}},{"id":"24","modifier":{"id":"11695650186","name":"Coca-Cola 33cl","additionPrice":2.35,"removePrice":0,"defaultChoices":0,"minChoices":0,"maxChoices":1,"nutritionalInfo":null,"numberOfServings":null,"initialProductInformation":{"netVolume":{"value":0.33,"unit":"l","quantity":1},"deposit":{"value":0.15,"type":"exclusive"}}}},{"id":"25","modifier":{"id":"11695650196","name":"Coca-Cola light 33cl","additionPrice":2,"removePrice":0,"defaultChoices":0,"minChoices":0,"maxChoices":1,"nutritionalInfo":null,"numberOfServings":null,"initialProductInformation":{"deposit":{"value":0.15,"type":"exclusive"}}}},{"id":"26","modifier":{"id":"11695650206","name":"Coca-Cola zero sugar 33cl","additionPrice":2.35,"removePrice":0,"defaultChoices":0,"minChoices":0,"maxChoices":1,"nutritionalInfo":null,"numberOfServings":null,"initialProductInformation":{"netVolume":{"value":0.33,"unit":"l","quantity":1},"deposit":{"value":0.15,"type":"exclusive"}}}},{"id":"27","modifier":{"id":"11695650216","name":"Fanta orange 33cl","additionPrice":2.35,"removePrice":0,"defaultChoices":0,"minChoices":0,"maxChoices":1,"nutritionalInfo":null,"numberOfServings":null,"initialProductInformation":{"netVolume":{"value":0.33,"unit":"l","quantity":1},"deposit":{"value":0.15,"type":"exclusive"}}}},{"id":"28","modifier":{"id":"11695650226","name":"Fanta strawberry \u0026 kiwi 33cl","additionPrice":2.6,"removePrice":0,"defaultChoices":0,"minChoices":0,"maxChoices":1,"nutritionalInfo":null,"numberOfServings":null,"initialProductInformation":{"netVolume":{"value":0.33,"unit":"l","quantity":1},"deposit":{"value":0.15,"type":"exclusive"}}}},{"id":"29","modifier":{"id":"11695650236","name":"Fanta exotic 33cl","additionPrice":2.6,"removePrice":0,"defaultChoices":0,"minChoices":0,"maxChoices":1,"nutritionalInfo":null,"numberOfServings":null,"initialProductInformation":{"netVolume":{"value":0.33,"unit":"l","quantity":1},"deposit":{"value":0.15,"type":"exclusive"}}}},{"id":"30","modifier":{"id":"11695650246","name":"Sprite 33cl","additionPrice":2.35,"removePrice":0,"defaultChoices":0,"minChoices":0,"maxChoices":1,"nutritionalInfo":null,"numberOfServings":null,"initialProductInformation":{"netVolume":{"value":0.33,"unit":"l","quantity":1},"deposit":{"value":0.15,"type":"exclusive"}}}},{"id":"31","modifier":{"id":"11695650256","name":"Mogu Mogu passievrucht 32cl","additionPrice":2.85,"removePrice":0,"defaultChoices":0,"minChoices":0,"maxChoices":1,"nutritionalInfo":null,"numberOfServings":null,"initialProductInformation":{"deposit":{"value":0.15,"type":"exclusive"}}}},{"id":"32","modifier":{"id":"11695650266","name":"Mogu Mogu aardbei 32cl","additionPrice":2.85,"removePrice":0,"defaultChoices":0,"minChoices":0,"maxChoices":1,"nutritionalInfo":null,"numberOfServings":null,"initialProductInformation":{"deposit":{"value":0.15,"type":"exclusive"}}}},{"id":"33","modifier":{"id":"11695650276","name":"Mogu Mogu mango 32cl","additionPrice":2.85,"removePrice":0,"defaultChoices":0,"minChoices":0,"maxChoices":1,"nutritionalInfo":null,"numberOfServings":null,"initialProductInformation":{"deposit":{"value":0.15,"type":"exclusive"}}}},{"id":"34","modifier":{"id":"11695650286","name":"Fernandes Geel 33cl","additionPrice":2.6,"removePrice":0,"defaultChoices":0,"minChoices":0,"maxChoices":1,"nutritionalInfo":null,"numberOfServings":null,"initialProductInformation":{"netVolume":{"value":0.33,"unit":"l","quantity":1},"deposit":{"value":0.15,"type":"exclusive"}}}},{"id":"35","modifier":{"id":"11695650296","name":"Fernandes Oranje 33cl","additionPrice":2.6,"removePrice":0,"defaultChoices":0,"minChoices":0,"maxChoices":1,"nutritionalInfo":null,"numberOfServings":null,"initialProductInformation":{"netVolume":{"value":0.33,"unit":"l","quantity":1},"deposit":{"value":0.15,"type":"exclusive"}}}},{"id":"36","modifier":{"id":"11695650306","name":"Fernandes Blauw 33cl","additionPrice":2.6,"removePrice":0,"defaultChoices":0,"minChoices":0,"maxChoices":1,"nutritionalInfo":null,"numberOfServings":null,"initialProductInformation":{"netVolume":{"value":0.33,"unit":"l","quantity":1},"deposit":{"value":0.15,"type":"exclusive"}}}},{"id":"37","modifier":{"id":"11695650316","name":"Fernandes Rood 33cl","additionPrice":2.6,"removePrice":0,"defaultChoices":0,"minChoices":0,"maxChoices":1,"nutritionalInfo":null,"numberOfServings":null,"initialProductInformation":{"netVolume":{"value":0.33,"unit":"l","quantity":1},"deposit":{"value":0.15,"type":"exclusive"}}}},{"id":"38","modifier":{"id":"11695650326","name":"Fernandes Groen 33cl","additionPrice":2.6,"removePrice":0,"defaultChoices":0,"minChoices":0,"maxChoices":1,"nutritionalInfo":null,"numberOfServings":null,"initialProductInformation":{"netVolume":{"value":0.33,"unit":"l","quantity":1},"deposit":{"value":0.15,"type":"exclusive"}}}},{"id":"39","modifier":{"id":"11695650336","name":"Oasis 33cl","additionPrice":2.85,"removePrice":0,"defaultChoices":0,"minChoices":0,"maxChoices":1,"nutritionalInfo":null,"numberOfServings":null,"initialProductInformation":{"netVolume":{"value":0.33,"unit":"l","quantity":1},"deposit":{"value":0.15,"type":"exclusive"}}}},{"id":"40","modifier":{"id":"11695650446","name":"Lipton ice tea sparkling 33cl","additionPrice":2.35,"removePrice":0,"defaultChoices":0,"minChoices":0,"maxChoices":1,"nutritionalInfo":null,"numberOfServings":null,"initialProductInformation":{"netVolume":{"value":0.33,"unit":"l","quantity":1},"deposit":{"value":0.15,"type":"exclusive"}}}},{"id":"41","modifier":{"id":"11695650456","name":"Lipton ice tea peach 33cl","additionPrice":2.35,"removePrice":0,"defaultChoices":0,"minChoices":0,"maxChoices":1,"nutritionalInfo":null,"numberOfServings":null,"initialProductInformation":{"netVolume":{"value":0.33,"unit":"l","quantity":1},"deposit":{"value":0.15,"type":"exclusive"}}}},{"id":"42","modifier":{"id":"11695650366","name":"Spa blauw 33cl","additionPrice":2.35,"removePrice":0,"defaultChoices":0,"minChoices":0,"maxChoices":1,"nutritionalInfo":null,"numberOfServings":null,"initialProductInformation":{"deposit":{"value":0.15,"type":"exclusive"}}}},{"id":"43","modifier":{"id":"11695650376","name":"Fristi 25cl","additionPrice":2.6,"removePrice":0,"defaultChoices":0,"minChoices":0,"maxChoices":1,"nutritionalInfo":null,"numberOfServings":null,"initialProductInformation":{"netVolume":{"value":0.25,"unit":"l","quantity":1},"deposit":{"value":0.15,"type":"exclusive"}}}},{"id":"44","modifier":{"id":"11695650396","name":"Chocomel 25cl","additionPrice":2.6,"removePrice":0,"defaultChoices":0,"minChoices":0,"maxChoices":1,"nutritionalInfo":null,"numberOfServings":null,"initialProductInformation":{"netVolume":{"value":0.25,"unit":"l","quantity":1},"deposit":{"value":0.15,"type":"exclusive"}}}},{"id":"45","modifier":{"id":"11695650386","name":"Ayran","additionPrice":2,"removePrice":0,"defaultChoices":0,"minChoices":0,"maxChoices":1,"nutritionalInfo":null,"numberOfServings":null}},{"id":"46","modifier":{"id":"11695650406","name":"Hawaii 25cl","additionPrice":2.5,"removePrice":0,"defaultChoices":0,"minChoices":0,"maxChoices":1,"nutritionalInfo":null,"numberOfServings":null,"initialProductInformation":{"deposit":{"value":0.15,"type":"exclusive"}}}},{"id":"47","modifier":{"id":"11695650416","name":"Poms 25cl","additionPrice":2.5,"removePrice":0,"defaultChoices":0,"minChoices":0,"maxChoices":1,"nutritionalInfo":null,"numberOfServings":null,"initialProductInformation":{"deposit":{"value":0.15,"type":"exclusive"}}}},{"id":"48","modifier":{"id":"11695650426","name":"Cream Soda 33cl","additionPrice":2.85,"removePrice":0,"defaultChoices":0,"minChoices":0,"maxChoices":1,"nutritionalInfo":null,"numberOfServings":null,"initialProductInformation":{"netVolume":{"value":0.33,"unit":"l","quantity":1},"deposit":{"value":0.15,"type":"exclusive"}}}},{"id":"49","modifier":{"id":"11695650346","name":"AA Drink 33cl","additionPrice":2.85,"removePrice":0,"defaultChoices":0,"minChoices":0,"maxChoices":1,"nutritionalInfo":null,"numberOfServings":null,"initialProductInformation":{"netVolume":{"value":0.33,"unit":"l","quantity":1},"deposit":{"value":0.15,"type":"exclusive"}}}},{"id":"50","modifier":{"id":"11695650356","name":"Red Bull Energy Drink 25cl","additionPrice":3.1,"removePrice":0,"defaultChoices":0,"minChoices":0,"maxChoices":1,"nutritionalInfo":null,"numberOfServings":null,"initialProductInformation":{"netVolume":{"value":0.25,"unit":"l","quantity":1},"deposit":{"value":0.15,"type":"exclusive"}}}},{"id":"51","modifier":{"id":"11695650436","name":"Slammers Energy 25cl","additionPrice":2.35,"removePrice":0,"defaultChoices":0,"minChoices":0,"maxChoices":1,"nutritionalInfo":null,"numberOfServings":null,"initialProductInformation":{"netVolume":{"value":0.25,"unit":"l","quantity":1},"deposit":{"value":0.15,"type":"exclusive"}}}},{"id":"52","modifier":{"id":"924820090","name":"KipdÃ¶ner","additionPrice":0,"removePrice":0,"defaultChoices":0,"minChoices":0,"maxChoices":1,"nutritionalInfo":null,"numberOfServings":null}},{"id":"53","modifier":{"id":"924820100","name":"KalfsdÃ¶ner","additionPrice":0,"removePrice":0,"defaultChoices":0,"minChoices":0,"maxChoices":1,"nutritionalInfo":null,"numberOfServings":null}},{"id":"54","modifier":{"id":"5580450578","name":"Mix kip- en kalfsdÃ¶ner","additionPrice":1,"removePrice":0,"defaultChoices":0,"minChoices":0,"maxChoices":1,"nutritionalInfo":null,"numberOfServings":null}},{"id":"55","modifier":{"id":"924820110","name":"Shoarma","additionPrice":1.5,"removePrice":0,"defaultChoices":0,"minChoices":0,"maxChoices":1,"nutritionalInfo":null,"numberOfServings":null}},{"id":"56","modifier":{"id":"924819850","name":"Sla","additionPrice":0,"removePrice":0,"defaultChoices":0,"minChoices":0,"maxChoices":1,"nutritionalInfo":null,"numberOfServings":null}},{"id":"57","modifier":{"id":"924819860","name":"Komkommer","additionPrice":0,"removePrice":0,"defaultChoices":0,"minChoices":0,"maxChoices":1,"nutritionalInfo":null,"numberOfServings":null}},{"id":"58","modifier":{"id":"924819870","name":"Tomaat","additionPrice":0,"removePrice":0,"defaultChoices":0,"minChoices":0,"maxChoices":1,"nutritionalInfo":null,"numberOfServings":null}},{"id":"59","modifier":{"id":"924819880","name":"Ui","additionPrice":0,"removePrice":0,"defaultChoices":0,"minChoices":0,"maxChoices":1,"nutritionalInfo":null,"numberOfServings":null}},{"id":"60","modifier":{"id":"924819890","name":"Wortelmix","additionPrice":0,"removePrice":0,"defaultChoices":0,"minChoices":0,"maxChoices":1,"nutritionalInfo":null,"numberOfServings":null}},{"id":"61","modifier":{"id":"1524266918","name":"Geen saus","additionPrice":0,"removePrice":0,"defaultChoices":0,"minChoices":0,"maxChoices":1,"nutritionalInfo":null,"numberOfServings":null}},{"id":"62","modifier":{"id":"924819900","name":"Knoflooksaus en sambal","additionPrice":0,"removePrice":0,"defaultChoices":0,"minChoices":0,"maxChoices":1,"nutritionalInfo":null,"numberOfServings":null}},{"id":"63","modifier":{"id":"924819910","name":"Knoflooksaus","additionPrice":0,"removePrice":0,"defaultChoices":0,"minChoices":0,"maxChoices":1,"nutritionalInfo":null,"numberOfServings":null}},{"id":"64","modifier":{"id":"924819920","name":"Sambal","additionPrice":0,"removePrice":0,"defaultChoices":0,"minChoices":0,"maxChoices":1,"nutritionalInfo":null,"numberOfServings":null}},{"id":"65","modifier":{"id":"924819930","name":"Andalouse","additionPrice":0,"removePrice":0,"defaultChoices":0,"minChoices":0,"maxChoices":1,"nutritionalInfo":null,"numberOfServings":null}},{"id":"66","modifier":{"id":"924819940","name":"Chilisaus","additionPrice":0,"removePrice":0,"defaultChoices":0,"minChoices":0,"maxChoices":1,"nutritionalInfo":null,"numberOfServings":null}},{"id":"67","modifier":{"id":"924819950","name":"Mayonaise","additionPrice":0,"removePrice":0,"defaultChoices":0,"minChoices":0,"maxChoices":1,"nutritionalInfo":null,"numberOfServings":null}},{"id":"68","modifier":{"id":"924819960","name":"Ketchup","additionPrice":0,"removePrice":0,"defaultChoices":0,"minChoices":0,"maxChoices":1,"nutritionalInfo":null,"numberOfServings":null}},{"id":"69","modifier":{"id":"924819970","name":"Currysaus","additionPrice":0,"removePrice":0,"defaultChoices":0,"minChoices":0,"maxChoices":1,"nutritionalInfo":null,"numberOfServings":null}},{"id":"70","modifier":{"id":"924819980","name":"Knoflooksaus en sambal","additionPrice":1.5,"removePrice":0,"defaultChoices":0,"minChoices":0,"maxChoices":1,"nutritionalInfo":null,"numberOfServings":null}},{"id":"71","modifier":{"id":"924819990","name":"Knoflooksaus","additionPrice":1,"removePrice":0,"defaultChoices":0,"minChoices":0,"maxChoices":1,"nutritionalInfo":null,"numberOfServings":null}},{"id":"72","modifier":{"id":"924820000","name":"Sambal","additionPrice":1,"removePrice":0,"defaultChoices":0,"minChoices":0,"maxChoices":1,"nutritionalInfo":null,"numberOfServings":null}},{"id":"73","modifier":{"id":"924820010","name":"Andalouse","additionPrice":1,"removePrice":0,"defaultChoices":0,"minChoices":0,"maxChoices":1,"nutritionalInfo":null,"numberOfServings":null}},{"id":"74","modifier":{"id":"924820020","name":"Chilisaus","additionPrice":1,"removePrice":0,"defaultChoices":0,"minChoices":0,"maxChoices":1,"nutritionalInfo":null,"numberOfServings":null}},{"id":"75","modifier":{"id":"924820030","name":"Mayonaise","additionPrice":1,"removePrice":0,"defaultChoices":0,"minChoices":0,"maxChoices":1,"nutritionalInfo":null,"numberOfServings":null}},{"id":"76","modifier":{"id":"924820040","name":"Ketchup","additionPrice":1,"removePrice":0,"defaultChoices":0,"minChoices":0,"maxChoices":1,"nutritionalInfo":null,"numberOfServings":null}},{"id":"77","modifier":{"id":"924820050","name":"Currysaus","additionPrice":1,"removePrice":0,"defaultChoices":0,"minChoices":0,"maxChoices":1,"nutritionalInfo":null,"numberOfServings":null}},{"id":"78","modifier":{"id":"11049059206","name":"Ja, met patat erin","additionPrice":1,"removePrice":0,"defaultChoices":0,"minChoices":0,"maxChoices":1,"nutritionalInfo":null,"numberOfServings":null}},{"id":"79","modifier":{"id":"11695660746","name":"Coca-Cola 33cl","additionPrice":2.35,"removePrice":0,"defaultChoices":0,"minChoices":0,"maxChoices":1,"nutritionalInfo":null,"numberOfServings":null,"initialProductInformation":{"netVolume":{"value":0.33,"unit":"l","quantity":1},"deposit":{"value":0.15,"type":"exclusive"}}}},{"id":"80","modifier":{"id":"11695660756","name":"Coca-Cola light 33cl","additionPrice":2,"removePrice":0,"defaultChoices":0,"minChoices":0,"maxChoices":1,"nutritionalInfo":null,"numberOfServings":null,"initialProductInformation":{"deposit":{"value":0.15,"type":"exclusive"}}}},{"id":"81","modifier":{"id":"11695660766","name":"Coca-Cola zero sugar 33cl","additionPrice":2.35,"removePrice":0,"defaultChoices":0,"minChoices":0,"maxChoices":1,"nutritionalInfo":null,"numberOfServings":null,"initialProductInformation":{"netVolume":{"value":0.33,"unit":"l","quantity":1},"deposit":{"value":0.15,"type":"exclusive"}}}},{"id":"82","modifier":{"id":"11695660776","name":"Fanta orange 33cl","additionPrice":2.35,"removePrice":0,"defaultChoices":0,"minChoices":0,"maxChoices":1,"nutritionalInfo":null,"numberOfServings":null,"initialProductInformation":{"netVolume":{"value":0.33,"unit":"l","quantity":1},"deposit":{"value":0.15,"type":"exclusive"}}}},{"id":"83","modifier":{"id":"11695660786","name":"Fanta strawberry \u0026 kiwi 33cl","additionPrice":2.6,"removePrice":0,"defaultChoices":0,"minChoices":0,"maxChoices":1,"nutritionalInfo":null,"numberOfServings":null,"initialProductInformation":{"netVolume":{"value":0.33,"unit":"l","quantity":1},"deposit":{"value":0.15,"type":"exclusive"}}}},{"id":"84","modifier":{"id":"11695660796","name":"Fanta exotic 33cl","additionPrice":2.6,"removePrice":0,"defaultChoices":0,"minChoices":0,"maxChoices":1,"nutritionalInfo":null,"numberOfServings":null,"initialProductInformation":{"netVolume":{"value":0.33,"unit":"l","quantity":1},"deposit":{"value":0.15,"type":"exclusive"}}}},{"id":"85","modifier":{"id":"11695660806","name":"Sprite 33cl","additionPrice":2.35,"removePrice":0,"defaultChoices":0,"minChoices":0,"maxChoices":1,"nutritionalInfo":null,"numberOfServings":null,"initialProductInformation":{"netVolume":{"value":0.33,"unit":"l","quantity":1},"deposit":{"value":0.15,"type":"exclusive"}}}},{"id":"86","modifier":{"id":"11695661006","name":"Lipton ice tea sparkling 33cl","additionPrice":2.35,"removePrice":0,"defaultChoices":0,"minChoices":0,"maxChoices":1,"nutritionalInfo":null,"numberOfServings":null,"initialProductInformation":{"netVolume":{"value":0.33,"unit":"l","quantity":1},"deposit":{"value":0.15,"type":"exclusive"}}}},{"id":"87","modifier":{"id":"11695661016","name":"Lipton ice tea peach 33cl","additionPrice":2.35,"removePrice":0,"defaultChoices":0,"minChoices":0,"maxChoices":1,"nutritionalInfo":null,"numberOfServings":null,"initialProductInformation":{"netVolume":{"value":0.33,"unit":"l","quantity":1},"deposit":{"value":0.15,"type":"exclusive"}}}},{"id":"88","modifier":{"id":"11695660816","name":"Mogu Mogu passievrucht 32cl","additionPrice":2.85,"removePrice":0,"defaultChoices":0,"minChoices":0,"maxChoices":1,"nutritionalInfo":null,"numberOfServings":null,"initialProductInformation":{"deposit":{"value":0.15,"type":"exclusive"}}}},{"id":"89","modifier":{"id":"11695660826","name":"Mogu Mogu aardbei 32cl","additionPrice":2.85,"removePrice":0,"defaultChoices":0,"minChoices":0,"maxChoices":1,"nutritionalInfo":null,"numberOfServings":null,"initialProductInformation":{"deposit":{"value":0.15,"type":"exclusive"}}}},{"id":"90","modifier":{"id":"11695660836","name":"Mogu Mogu mango 32cl","additionPrice":2.85,"removePrice":0,"defaultChoices":0,"minChoices":0,"maxChoices":1,"nutritionalInfo":null,"numberOfServings":null,"initialProductInformation":{"deposit":{"value":0.15,"type":"exclusive"}}}},{"id":"91","modifier":{"id":"11695660846","name":"Fernandes Geel 33cl","additionPrice":2.6,"removePrice":0,"defaultChoices":0,"minChoices":0,"maxChoices":1,"nutritionalInfo":null,"numberOfServings":null,"initialProductInformation":{"netVolume":{"value":0.33,"unit":"l","quantity":1},"deposit":{"value":0.15,"type":"exclusive"}}}},{"id":"92","modifier":{"id":"11695660856","name":"Fernandes Oranje 33cl","additionPrice":2.6,"removePrice":0,"defaultChoices":0,"minChoices":0,"maxChoices":1,"nutritionalInfo":null,"numberOfServings":null,"initialProductInformation":{"netVolume":{"value":0.33,"unit":"l","quantity":1},"deposit":{"value":0.15,"type":"exclusive"}}}},{"id":"93","modifier":{"id":"11695660866","name":"Fernandes Blauw 33cl","additionPrice":2.6,"removePrice":0,"defaultChoices":0,"minChoices":0,"maxChoices":1,"nutritionalInfo":null,"numberOfServings":null,"initialProductInformation":{"netVolume":{"value":0.33,"unit":"l","quantity":1},"deposit":{"value":0.15,"type":"exclusive"}}}},{"id":"94","modifier":{"id":"11695660876","name":"Fernandes Rood 33cl","additionPrice":2.6,"removePrice":0,"defaultChoices":0,"minChoices":0,"maxChoices":1,"nutritionalInfo":null,"numberOfServings":null,"initialProductInformation":{"netVolume":{"value":0.33,"unit":"l","quantity":1},"deposit":{"value":0.15,"type":"exclusive"}}}},{"id":"95","modifier":{"id":"11695660886","name":"Fernandes Groen 33cl","additionPrice":2.6,"removePrice":0,"defaultChoices":0,"minChoices":0,"maxChoices":1,"nutritionalInfo":null,"numberOfServings":null,"initialProductInformation":{"netVolume":{"value":0.33,"unit":"l","quantity":1},"deposit":{"value":0.15,"type":"exclusive"}}}},{"id":"96","modifier":{"id":"11695660896","name":"Oasis 33cl","additionPrice":2.85,"removePrice":0,"defaultChoices":0,"minChoices":0,"maxChoices":1,"nutritionalInfo":null,"numberOfServings":null,"initialProductInformation":{"netVolume":{"value":0.33,"unit":"l","quantity":1},"deposit":{"value":0.15,"type":"exclusive"}}}},{"id":"97","modifier":{"id":"11695660966","name":"Hawaii 25cl","additionPrice":2.6,"removePrice":0,"defaultChoices":0,"minChoices":0,"maxChoices":1,"nutritionalInfo":null,"numberOfServings":null,"initialProductInformation":{"netVolume":{"value":0.25,"unit":"l","quantity":1},"deposit":{"value":0.15,"type":"exclusive"}}}},{"id":"98","modifier":{"id":"11695660976","name":"Poms 25cl","additionPrice":2.6,"removePrice":0,"defaultChoices":0,"minChoices":0,"maxChoices":1,"nutritionalInfo":null,"numberOfServings":null,"initialProductInformation":{"netVolume":{"value":0.25,"unit":"l","quantity":1},"deposit":{"value":0.15,"type":"exclusive"}}}},{"id":"99","modifier":{"id":"11695660926","name":"Spa blauw 33cl","additionPrice":2.35,"removePrice":0,"defaultChoices":0,"minChoices":0,"maxChoices":1,"nutritionalInfo":null,"numberOfServings":null,"initialProductInformation":{"deposit":{"value":0.15,"type":"exclusive"}}}},{"id":"100","modifier":{"id":"11695660936","name":"Fristi 25cl","additionPrice":2.6,"removePrice":0,"defaultChoices":0,"minChoices":0,"maxChoices":1,"nutritionalInfo":null,"numberOfServings":null,"initialProductInformation":{"netVolume":{"value":0.25,"unit":"l","quantity":1},"deposit":{"value":0.15,"type":"exclusive"}}}},{"id":"101","modifier":{"id":"11695660956","name":"Chocomel 25cl","additionPrice":2.6,"removePrice":0,"defaultChoices":0,"minChoices":0,"maxChoices":1,"nutritionalInfo":null,"numberOfServings":null,"initialProductInformation":{"netVolume":{"value":0.25,"unit":"l","quantity":1},"deposit":{"value":0.15,"type":"exclusive"}}}},{"id":"102","modifier":{"id":"11695660946","name":"Ayran","additionPrice":2,"removePrice":0,"defaultChoices":0,"minChoices":0,"maxChoices":1,"nutritionalInfo":null,"numberOfServings":null}},{"id":"103","modifier":{"id":"11695660986","name":"Cream Soda 33cl","additionPrice":2.85,"removePrice":0,"defaultChoices":0,"minChoices":0,"maxChoices":1,"nutritionalInfo":null,"numberOfServings":null,"initialProductInformation":{"netVolume":{"value":0.33,"unit":"l","quantity":1},"deposit":{"value":0.15,"type":"exclusive"}}}},{"id":"104","modifier":{"id":"11695660906","name":"AA Drink 33cl","additionPrice":2.85,"removePrice":0,"defaultChoices":0,"minChoices":0,"maxChoices":1,"nutritionalInfo":null,"numberOfServings":null,"initialProductInformation":{"netVolume":{"value":0.33,"unit":"l","quantity":1},"deposit":{"value":0.15,"type":"exclusive"}}}},{"id":"105","modifier":{"id":"11695660916","name":"Red Bull Energy Drink 25cl","additionPrice":3.1,"removePrice":0,"defaultChoices":0,"minChoices":0,"maxChoices":1,"nutritionalInfo":null,"numberOfServings":null,"initialProductInformation":{"netVolume":{"value":0.25,"unit":"l","quantity":1},"deposit":{"value":0.15,"type":"exclusive"}}}},{"id":"106","modifier":{"id":"11695660996","name":"Slammers Energy 25cl","additionPrice":2.35,"removePrice":0,"defaultChoices":0,"minChoices":0,"maxChoices":1,"nutritionalInfo":null,"numberOfServings":null,"initialProductInformation":{"netVolume":{"value":0.25,"unit":"l","quantity":1},"deposit":{"value":0.15,"type":"exclusive"}}}},{"id":"107","modifier":{"id":"923344660","name":"Klein","additionPrice":0,"removePrice":0,"defaultChoices":0,"minChoices":0,"maxChoices":1,"nutritionalInfo":null,"numberOfServings":null}},{"id":"108","modifier":{"id":"923344670","name":"Middel","additionPrice":2,"removePrice":0,"defaultChoices":0,"minChoices":0,"maxChoices":1,"nutritionalInfo":null,"numberOfServings":null}},{"id":"109","modifier":{"id":"923344680","name":"Groot","additionPrice":4,"removePrice":0,"defaultChoices":0,"minChoices":0,"maxChoices":1,"nutritionalInfo":null,"numberOfServings":null}},{"id":"110","modifier":{"id":"923344950","name":"Patat","additionPrice":0,"removePrice":0,"defaultChoices":0,"minChoices":0,"maxChoices":1,"nutritionalInfo":null,"numberOfServings":null}},{"id":"111","modifier":{"id":"923344960","name":"Rijst","additionPrice":1,"removePrice":0,"defaultChoices":0,"minChoices":0,"maxChoices":1,"nutritionalInfo":null,"numberOfServings":null}},{"id":"112","modifier":{"id":"923344430","name":"Sla","additionPrice":0,"removePrice":0,"defaultChoices":0,"minChoices":0,"maxChoices":1,"nutritionalInfo":null,"numberOfServings":null}},{"id":"113","modifier":{"id":"923344440","name":"Komkommer","additionPrice":0,"removePrice":0,"defaultChoices":0,"minChoices":0,"maxChoices":1,"nutritionalInfo":null,"numberOfServings":null}},{"id":"114","modifier":{"id":"923344450","name":"Tomaat","additionPrice":0,"removePrice":0,"defaultChoices":0,"minChoices":0,"maxChoices":1,"nutritionalInfo":null,"numberOfServings":null}},{"id":"115","modifier":{"id":"923344460","name":"Ui","additionPrice":0,"removePrice":0,"defaultChoices":0,"minChoices":0,"maxChoices":1,"nutritionalInfo":null,"numberOfServings":null}},{"id":"116","modifier":{"id":"923344470","name":"Wortelmix","additionPrice":0,"removePrice":0,"defaultChoices":0,"minChoices":0,"maxChoices":1,"nutritionalInfo":null,"numberOfServings":null}},{"id":"117","modifier":{"id":"1524268358","name":"Geen saus","additionPrice":0,"removePrice":0,"defaultChoices":0,"minChoices":0,"maxChoices":1,"nutritionalInfo":null,"numberOfServings":null}},{"id":"118","modifier":{"id":"923344480","name":"Knoflooksaus en sambal","additionPrice":0,"removePrice":0,"defaultChoices":0,"minChoices":0,"maxChoices":1,"nutritionalInfo":null,"numberOfServings":null}},{"id":"119","modifier":{"id":"923344490","name":"Knoflooksaus","additionPrice":0,"removePrice":0,"defaultChoices":0,"minChoices":0,"maxChoices":1,"nutritionalInfo":null,"numberOfServings":null}},{"id":"120","modifier":{"id":"923344500","name":"Sambal","additionPrice":0,"removePrice":0,"defaultChoices":0,"minChoices":0,"maxChoices":1,"nutritionalInfo":null,"numberOfServings":null}},{"id":"121","modifier":{"id":"923344510","name":"Andalouse","additionPrice":0,"removePrice":0,"defaultChoices":0,"minChoices":0,"maxChoices":1,"nutritionalInfo":null,"numberOfServings":null}},{"id":"122","modifier":{"id":"923344520","name":"Chilisaus","additionPrice":0,"removePrice":0,"defaultChoices":0,"minChoices":0,"maxChoices":1,"nutritionalInfo":null,"numberOfServings":null}},{"id":"123","modifier":{"id":"923344530","name":"Mayonaise","additionPrice":0,"removePrice":0,"defaultChoices":0,"minChoices":0,"maxChoices":1,"nutritionalInfo":null,"numberOfServings":null}},{"id":"124","modifier":{"id":"923344540","name":"Ketchup","additionPrice":0,"removePrice":0,"defaultChoices":0,"minChoices":0,"maxChoices":1,"nutritionalInfo":null,"numberOfServings":null}},{"id":"125","modifier":{"id":"923344550","name":"Currysaus","additionPrice":0,"removePrice":0,"defaultChoices":0,"minChoices":0,"maxChoices":1,"nutritionalInfo":null,"numberOfServings":null}},{"id":"126","modifier":{"id":"923344560","name":"Knoflooksaus en sambal","additionPrice":1.5,"removePrice":0,"defaultChoices":0,"minChoices":0,"maxChoices":1,"nutritionalInfo":null,"numberOfServings":null}},{"id":"127","modifier":{"id":"923344570","name":"Knoflooksaus","additionPrice":1,"removePrice":0,"defaultChoices":0,"minChoices":0,"maxChoices":1,"nutritionalInfo":null,"numberOfServings":null}},{"id":"128","modifier":{"id":"923344580","name":"Sambal","additionPrice":1,"removePrice":0,"defaultChoices":0,"minChoices":0,"maxChoices":1,"nutritionalInfo":null,"numberOfServings":null}},{"id":"129","modifier":{"id":"923344590","name":"Andalouse","additionPrice":1,"removePrice":0,"defaultChoices":0,"minChoices":0,"maxChoices":1,"nutritionalInfo":null,"numberOfServings":null}},{"id":"130","modifier":{"id":"923344600","name":"Chilisaus","additionPrice":1,"removePrice":0,"defaultChoices":0,"minChoices":0,"maxChoices":1,"nutritionalInfo":null,"numberOfServings":null}},{"id":"131","modifier":{"id":"923344610","name":"Mayonaise","additionPrice":1,"removePrice":0,"defaultChoices":0,"minChoices":0,"maxChoices":1,"nutritionalInfo":null,"numberOfServings":null}},{"id":"132","modifier":{"id":"923344620","name":"Ketchup","additionPrice":1,"removePrice":0,"defaultChoices":0,"minChoices":0,"maxChoices":1,"nutritionalInfo":null,"numberOfServings":null}},{"id":"133","modifier":{"id":"923344630","name":"Currysaus","additionPrice":1,"removePrice":0,"defaultChoices":0,"minChoices":0,"maxChoices":1,"nutritionalInfo":null,"numberOfServings":null}},{"id":"134","modifier":{"id":"11695661266","name":"Coca-Cola 33cl","additionPrice":2.35,"removePrice":0,"defaultChoices":0,"minChoices":0,"maxChoices":1,"nutritionalInfo":null,"numberOfServings":null,"initialProductInformation":{"netVolume":{"value":0.33,"unit":"l","quantity":1},"deposit":{"value":0.15,"type":"exclusive"}}}},{"id":"135","modifier":{"id":"11695661276","name":"Coca-Cola light 33cl","additionPrice":2,"removePrice":0,"defaultChoices":0,"minChoices":0,"maxChoices":1,"nutritionalInfo":null,"numberOfServings":null,"initialProductInformation":{"deposit":{"value":0.15,"type":"exclusive"}}}},{"id":"136","modifier":{"id":"11695661286","name":"Coca-Cola zero sugar 33cl","additionPrice":2.35,"removePrice":0,"defaultChoices":0,"minChoices":0,"maxChoices":1,"nutritionalInfo":null,"numberOfServings":null,"initialProductInformation":{"netVolume":{"value":0.33,"unit":"l","quantity":1},"deposit":{"value":0.15,"type":"exclusive"}}}},{"id":"137","modifier":{"id":"11695661296","name":"Fanta orange 33cl","additionPrice":2.35,"removePrice":0,"defaultChoices":0,"minChoices":0,"maxChoices":1,"nutritionalInfo":null,"numberOfServings":null,"initialProductInformation":{"netVolume":{"value":0.33,"unit":"l","quantity":1},"deposit":{"value":0.15,"type":"exclusive"}}}},{"id":"138","modifier":{"id":"11695661306","name":"Fanta strawberry \u0026 kiwi 33cl","additionPrice":2.6,"removePrice":0,"defaultChoices":0,"minChoices":0,"maxChoices":1,"nutritionalInfo":null,"numberOfServings":null,"initialProductInformation":{"netVolume":{"value":0.33,"unit":"l","quantity":1},"deposit":{"value":0.15,"type":"exclusive"}}}},{"id":"139","modifier":{"id":"11695661316","name":"Fanta exotic 33cl","additionPrice":2.6,"removePrice":0,"defaultChoices":0,"minChoices":0,"maxChoices":1,"nutritionalInfo":null,"numberOfServings":null,"initialProductInformation":{"netVolume":{"value":0.33,"unit":"l","quantity":1},"deposit":{"value":0.15,"type":"exclusive"}}}},{"id":"140","modifier":{"id":"11695661326","name":"Sprite 33cl","additionPrice":2.35,"removePrice":0,"defaultChoices":0,"minChoices":0,"maxChoices":1,"nutritionalInfo":null,"numberOfServings":null,"initialProductInformation":{"netVolume":{"value":0.33,"unit":"l","quantity":1},"deposit":{"value":0.15,"type":"exclusive"}}}},{"id":"141","modifier":{"id":"11695661526","name":"Lipton ice tea sparkling 33cl","additionPrice":2.35,"removePrice":0,"defaultChoices":0,"minChoices":0,"maxChoices":1,"nutritionalInfo":null,"numberOfServings":null,"initialProductInformation":{"netVolume":{"value":0.33,"unit":"l","quantity":1},"deposit":{"value":0.15,"type":"exclusive"}}}},{"id":"142","modifier":{"id":"11695661536","name":"Lipton ice tea peach 33cl","additionPrice":2.35,"removePrice":0,"defaultChoices":0,"minChoices":0,"maxChoices":1,"nutritionalInfo":null,"numberOfServings":null,"initialProductInformation":{"netVolume":{"value":0.33,"unit":"l","quantity":1},"deposit":{"value":0.15,"type":"exclusive"}}}},{"id":"143","modifier":{"id":"11695661336","name":"Mogu Mogu passievrucht 32cl","additionPrice":2.85,"removePrice":0,"defaultChoices":0,"minChoices":0,"maxChoices":1,"nutritionalInfo":null,"numberOfServings":null,"initialProductInformation":{"deposit":{"value":0.15,"type":"exclusive"}}}},{"id":"144","modifier":{"id":"11695661346","name":"Mogu Mogu aardbei 32cl","additionPrice":2.85,"removePrice":0,"defaultChoices":0,"minChoices":0,"maxChoices":1,"nutritionalInfo":null,"numberOfServings":null,"initialProductInformation":{"deposit":{"value":0.15,"type":"exclusive"}}}},{"id":"145","modifier":{"id":"11695661356","name":"Mogu Mogu mango 32cl","additionPrice":2.85,"removePrice":0,"defaultChoices":0,"minChoices":0,"maxChoices":1,"nutritionalInfo":null,"numberOfServings":null,"initialProductInformation":{"deposit":{"value":0.15,"type":"exclusive"}}}},{"id":"146","modifier":{"id":"11695661366","name":"Fernandes Geel 33cl","additionPrice":2.6,"removePrice":0,"defaultChoices":0,"minChoices":0,"maxChoices":1,"nutritionalInfo":null,"numberOfServings":null,"initialProductInformation":{"netVolume":{"value":0.33,"unit":"l","quantity":1},"deposit":{"value":0.15,"type":"exclusive"}}}},{"id":"147","modifier":{"id":"11695661376","name":"Fernandes Oranje 33cl","additionPrice":2.6,"removePrice":0,"defaultChoices":0,"minChoices":0,"maxChoices":1,"nutritionalInfo":null,"numberOfServings":null,"initialProductInformation":{"netVolume":{"value":0.33,"unit":"l","quantity":1},"deposit":{"value":0.15,"type":"exclusive"}}}},{"id":"148","modifier":{"id":"11695661386","name":"Fernandes Blauw 33cl","additionPrice":2.6,"removePrice":0,"defaultChoices":0,"minChoices":0,"maxChoices":1,"nutritionalInfo":null,"numberOfServings":null,"initialProductInformation":{"netVolume":{"value":0.33,"unit":"l","quantity":1},"deposit":{"value":0.15,"type":"exclusive"}}}},{"id":"149","modifier":{"id":"11695661396","name":"Fernandes Rood 33cl","additionPrice":2.6,"removePrice":0,"defaultChoices":0,"minChoices":0,"maxChoices":1,"nutritionalInfo":null,"numberOfServings":null,"initialProductInformation":{"netVolume":{"value":0.33,"unit":"l","quantity":1},"deposit":{"value":0.15,"type":"exclusive"}}}},{"id":"150","modifier":{"id":"11695661406","name":"Fernandes Groen 33cl","additionPrice":2.6,"removePrice":0,"defaultChoices":0,"minChoices":0,"maxChoices":1,"nutritionalInfo":null,"numberOfServings":null,"initialProductInformation":{"netVolume":{"value":0.33,"unit":"l","quantity":1},"deposit":{"value":0.15,"type":"exclusive"}}}},{"id":"151","modifier":{"id":"11695661416","name":"Oasis 33cl","additionPrice":2.85,"removePrice":0,"defaultChoices":0,"minChoices":0,"maxChoices":1,"nutritionalInfo":null,"numberOfServings":null,"initialProductInformation":{"netVolume":{"value":0.33,"unit":"l","quantity":1},"deposit":{"value":0.15,"type":"exclusive"}}}},{"id":"152","modifier":{"id":"11695661486","name":"Hawaii 25cl","additionPrice":2.6,"removePrice":0,"defaultChoices":0,"minChoices":0,"maxChoices":1,"nutritionalInfo":null,"numberOfServings":null,"initialProductInformation":{"netVolume":{"value":0.25,"unit":"l","quantity":1},"deposit":{"value":0.15,"type":"exclusive"}}}},{"id":"153","modifier":{"id":"11695661496","name":"Poms 25cl","additionPrice":2.6,"removePrice":0,"defaultChoices":0,"minChoices":0,"maxChoices":1,"nutritionalInfo":null,"numberOfServings":null,"initialProductInformation":{"netVolume":{"value":0.25,"unit":"l","quantity":1},"deposit":{"value":0.15,"type":"exclusive"}}}},{"id":"154","modifier":{"id":"11695661446","name":"Spa blauw 33cl","additionPrice":2.35,"removePrice":0,"defaultChoices":0,"minChoices":0,"maxChoices":1,"nutritionalInfo":null,"numberOfServings":null,"initialProductInformation":{"deposit":{"value":0.15,"type":"exclusive"}}}},{"id":"155","modifier":{"id":"11695661456","name":"Fristi 25cl","additionPrice":2.6,"removePrice":0,"defaultChoices":0,"minChoices":0,"maxChoices":1,"nutritionalInfo":null,"numberOfServings":null,"initialProductInformation":{"netVolume":{"value":0.25,"unit":"l","quantity":1},"deposit":{"value":0.15,"type":"exclusive"}}}},{"id":"156","modifier":{"id":"11695661476","name":"Chocomel 25cl","additionPrice":2.6,"removePrice":0,"defaultChoices":0,"minChoices":0,"maxChoices":1,"nutritionalInfo":null,"numberOfServings":null,"initialProductInformation":{"netVolume":{"value":0.25,"unit":"l","quantity":1},"deposit":{"value":0.15,"type":"exclusive"}}}},{"id":"157","modifier":{"id":"11695661466","name":"Ayran","additionPrice":2,"removePrice":0,"defaultChoices":0,"minChoices":0,"maxChoices":1,"nutritionalInfo":null,"numberOfServings":null}},{"id":"158","modifier":{"id":"11695661506","name":"Cream Soda 33cl","additionPrice":2.85,"removePrice":0,"defaultChoices":0,"minChoices":0,"maxChoices":1,"nutritionalInfo":null,"numberOfServings":null,"initialProductInformation":{"netVolume":{"value":0.33,"unit":"l","quantity":1},"deposit":{"value":0.15,"type":"exclusive"}}}},{"id":"159","modifier":{"id":"11695661426","name":"AA Drink 33cl","additionPrice":2.85,"removePrice":0,"defaultChoices":0,"minChoices":0,"maxChoices":1,"nutritionalInfo":null,"numberOfServings":null,"initialProductInformation":{"netVolume":{"value":0.33,"unit":"l","quantity":1},"deposit":{"value":0.15,"type":"exclusive"}}}},{"id":"160","modifier":{"id":"11695661436","name":"Red Bull Energy Drink 25cl","additionPrice":3.1,"removePrice":0,"defaultChoices":0,"minChoices":0,"maxChoices":1,"nutritionalInfo":null,"numberOfServings":null,"initialProductInformation":{"netVolume":{"value":0.25,"unit":"l","quantity":1},"deposit":{"value":0.15,"type":"exclusive"}}}},{"id":"161","modifier":{"id":"11695661516","name":"Slammers Energy 25cl","additionPrice":2.35,"removePrice":0,"defaultChoices":0,"minChoices":0,"maxChoices":1,"nutritionalInfo":null,"numberOfServings":null,"initialProductInformation":{"netVolume":{"value":0.25,"unit":"l","quantity":1},"deposit":{"value":0.15,"type":"exclusive"}}}},{"id":"162","modifier":{"id":"923345710","name":"Klein","additionPrice":0,"removePrice":0,"defaultChoices":0,"minChoices":0,"maxChoices":1,"nutritionalInfo":null,"numberOfServings":null}},{"id":"163","modifier":{"id":"923345720","name":"Middel","additionPrice":2,"removePrice":0,"defaultChoices":0,"minChoices":0,"maxChoices":1,"nutritionalInfo":null,"numberOfServings":null}},{"id":"164","modifier":{"id":"923345730","name":"Groot","additionPrice":4,"removePrice":0,"defaultChoices":0,"minChoices":0,"maxChoices":1,"nutritionalInfo":null,"numberOfServings":null}},{"id":"165","modifier":{"id":"923345480","name":"Patat","additionPrice":0,"removePrice":0,"defaultChoices":0,"minChoices":0,"maxChoices":1,"nutritionalInfo":null,"numberOfServings":null}},{"id":"166","modifier":{"id":"923345490","name":"Rijst","additionPrice":1,"removePrice":0,"defaultChoices":0,"minChoices":0,"maxChoices":1,"nutritionalInfo":null,"numberOfServings":null}},{"id":"167","modifier":{"id":"923345500","name":"Sla","additionPrice":0,"removePrice":0,"defaultChoices":0,"minChoices":0,"maxChoices":1,"nutritionalInfo":null,"numberOfServings":null}},{"id":"168","modifier":{"id":"923345510","name":"Komkommer","additionPrice":0,"removePrice":0,"defaultChoices":0,"minChoices":0,"maxChoices":1,"nutritionalInfo":null,"numberOfServings":null}},{"id":"169","modifier":{"id":"923345520","name":"Tomaat","additionPrice":0,"removePrice":0,"defaultChoices":0,"minChoices":0,"maxChoices":1,"nutritionalInfo":null,"numberOfServings":null}},{"id":"170","modifier":{"id":"923345530","name":"Ui","additionPrice":0,"removePrice":0,"defaultChoices":0,"minChoices":0,"maxChoices":1,"nutritionalInfo":null,"numberOfServings":null}},{"id":"171","modifier":{"id":"923345540","name":"Wortelmix","additionPrice":0,"removePrice":0,"defaultChoices":0,"minChoices":0,"maxChoices":1,"nutritionalInfo":null,"numberOfServings":null}},{"id":"172","modifier":{"id":"1524268428","name":"Geen saus","additionPrice":0,"removePrice":0,"defaultChoices":0,"minChoices":0,"maxChoices":1,"nutritionalInfo":null,"numberOfServings":null}},{"id":"173","modifier":{"id":"923345550","name":"Knoflooksaus en sambal","additionPrice":0,"removePrice":0,"defaultChoices":0,"minChoices":0,"maxChoices":1,"nutritionalInfo":null,"numberOfServings":null}},{"id":"174","modifier":{"id":"923345560","name":"Knoflooksaus","additionPrice":0,"removePrice":0,"defaultChoices":0,"minChoices":0,"maxChoices":1,"nutritionalInfo":null,"numberOfServings":null}},{"id":"175","modifier":{"id":"923345570","name":"Sambal","additionPrice":0,"removePrice":0,"defaultChoices":0,"minChoices":0,"maxChoices":1,"nutritionalInfo":null,"numberOfServings":null}},{"id":"176","modifier":{"id":"923345580","name":"Andalouse","additionPrice":0,"removePrice":0,"defaultChoices":0,"minChoices":0,"maxChoices":1,"nutritionalInfo":null,"numberOfServings":null}},{"id":"177","modifier":{"id":"923345590","name":"Chilisaus","additionPrice":0,"removePrice":0,"defaultChoices":0,"minChoices":0,"maxChoices":1,"nutritionalInfo":null,"numberOfServings":null}},{"id":"178","modifier":{"id":"923345600","name":"Mayonaise","additionPrice":0,"removePrice":0,"defaultChoices":0,"minChoices":0,"maxChoices":1,"nutritionalInfo":null,"numberOfServings":null}},{"id":"179","modifier":{"id":"923345610","name":"Ketchup","additionPrice":0,"removePrice":0,"defaultChoices":0,"minChoices":0,"maxChoices":1,"nutritionalInfo":null,"numberOfServings":null}},{"id":"180","modifier":{"id":"923345620","name":"Currysaus","additionPrice":0,"removePrice":0,"defaultChoices":0,"minChoices":0,"maxChoices":1,"nutritionalInfo":null,"numberOfServings":null}},{"id":"181","modifier":{"id":"923345630","name":"Knoflooksaus en sambal","additionPrice":1.5,"removePrice":0,"defaultChoices":0,"minChoices":0,"maxChoices":1,"nutritionalInfo":null,"numberOfServings":null}},{"id":"182","modifier":{"id":"923345640","name":"Knoflooksaus","additionPrice":1,"removePrice":0,"defaultChoices":0,"minChoices":0,"maxChoices":1,"nutritionalInfo":null,"numberOfServings":null}},{"id":"183","modifier":{"id":"923345650","name":"Sambal","additionPrice":1,"removePrice":0,"defaultChoices":0,"minChoices":0,"maxChoices":1,"nutritionalInfo":null,"numberOfServings":null}},{"id":"184","modifier":{"id":"923345660","name":"Andalouse","additionPrice":1,"removePrice":0,"defaultChoices":0,"minChoices":0,"maxChoices":1,"nutritionalInfo":null,"numberOfServings":null}},{"id":"185","modifier":{"id":"923345670","name":"Chilisaus","additionPrice":1,"removePrice":0,"defaultChoices":0,"minChoices":0,"maxChoices":1,"nutritionalInfo":null,"numberOfServings":null}},{"id":"186","modifier":{"id":"923345680","name":"Mayonaise","additionPrice":1,"removePrice":0,"defaultChoices":0,"minChoices":0,"maxChoices":1,"nutritionalInfo":null,"numberOfServings":null}},{"id":"187","modifier":{"id":"923345690","name":"Ketchup","additionPrice":1,"removePrice":0,"defaultChoices":0,"minChoices":0,"maxChoices":1,"nutritionalInfo":null,"numberOfServings":null}},{"id":"188","modifier":{"id":"923345700","name":"Currysaus","additionPrice":1,"removePrice":0,"defaultChoices":0,"minChoices":0,"maxChoices":1,"nutritionalInfo":null,"numberOfServings":null}},{"id":"189","modifier":{"id":"11695664666","name":"Coca-Cola 33cl","additionPrice":2.35,"removePrice":0,"defaultChoices":0,"minChoices":0,"maxChoices":1,"nutritionalInfo":null,"numberOfServings":null,"initialProductInformation":{"deposit":{"value":0.15,"type":"exclusive"}}}},{"id":"190","modifier":{"id":"11695664676","name":"Coca-Cola light 33cl","additionPrice":2,"removePrice":0,"defaultChoices":0,"minChoices":0,"maxChoices":1,"nutritionalInfo":null,"numberOfServings":null,"initialProductInformation":{"deposit":{"value":0.15,"type":"exclusive"}}}},{"id":"191","modifier":{"id":"11695664686","name":"Coca-Cola zero sugar 33cl","additionPrice":2.35,"removePrice":0,"defaultChoices":0,"minChoices":0,"maxChoices":1,"nutritionalInfo":null,"numberOfServings":null,"initialProductInformation":{"deposit":{"value":0.15,"type":"exclusive"}}}},{"id":"192","modifier":{"id":"11695664696","name":"Fanta orange 33cl","additionPrice":2.35,"removePrice":0,"defaultChoices":0,"minChoices":0,"maxChoices":1,"nutritionalInfo":null,"numberOfServings":null,"initialProductInformation":{"deposit":{"value":0.15,"type":"exclusive"}}}},{"id":"193","modifier":{"id":"11695664706","name":"Fanta strawberry \u0026 kiwi 33cl","additionPrice":2.6,"removePrice":0,"defaultChoices":0,"minChoices":0,"maxChoices":1,"nutritionalInfo":null,"numberOfServings":null,"initialProductInformation":{"deposit":{"value":0.15,"type":"exclusive"}}}},{"id":"194","modifier":{"id":"11695664716","name":"Fanta exotic 33cl","additionPrice":2.6,"removePrice":0,"defaultChoices":0,"minChoices":0,"maxChoices":1,"nutritionalInfo":null,"numberOfServings":null,"initialProductInformation":{"deposit":{"value":0.15,"type":"exclusive"}}}},{"id":"195","modifier":{"id":"11695664726-DELIVERY","name":"Sprite 33cl","additionPrice":2.5,"removePrice":0,"defaultChoices":0,"minChoices":0,"maxChoices":1,"nutritionalInfo":null,"numberOfServings":null,"initialProductInformation":{"deposit":{"value":0.15,"type":"exclusive"}}}},{"id":"196","modifier":{"id":"11695664926","name":"Lipton ice tea sparkling 33cl","additionPrice":2.35,"removePrice":0,"defaultChoices":0,"minChoices":0,"maxChoices":1,"nutritionalInfo":null,"numberOfServings":null,"initialProductInformation":{"deposit":{"value":0.15,"type":"exclusive"}}}},{"id":"197","modifier":{"id":"11695664936","name":"Lipton ice tea peach 33cl","additionPrice":2.35,"removePrice":0,"defaultChoices":0,"minChoices":0,"maxChoices":1,"nutritionalInfo":null,"numberOfServings":null,"initialProductInformation":{"deposit":{"value":0.15,"type":"exclusive"}}}},{"id":"198","modifier":{"id":"11695664736","name":"Mogu Mogu passievrucht 32cl","additionPrice":2.85,"removePrice":0,"defaultChoices":0,"minChoices":0,"maxChoices":1,"nutritionalInfo":null,"numberOfServings":null,"initialProductInformation":{"deposit":{"value":0.15,"type":"exclusive"}}}},{"id":"199","modifier":{"id":"11695664746","name":"Mogu Mogu aardbei 32cl","additionPrice":2.85,"removePrice":0,"defaultChoices":0,"minChoices":0,"maxChoices":1,"nutritionalInfo":null,"numberOfServings":null,"initialProductInformation":{"deposit":{"value":0.15,"type":"exclusive"}}}},{"id":"200","modifier":{"id":"11695664756","name":"Mogu Mogu mango 32cl","additionPrice":2.85,"removePrice":0,"defaultChoices":0,"minChoices":0,"maxChoices":1,"nutritionalInfo":null,"numberOfServings":null,"initialProductInformation":{"deposit":{"value":0.15,"type":"exclusive"}}}},{"id":"201","modifier":{"id":"11695664766","name":"Fernandes Geel 33cl","additionPrice":2.6,"removePrice":0,"defaultChoices":0,"minChoices":0,"maxChoices":1,"nutritionalInfo":null,"numberOfServings":null,"initialProductInformation":{"deposit":{"value":0.15,"type":"exclusive"}}}},{"id":"202","modifier":{"id":"11695664776","name":"Fernandes Oranje 33cl","additionPrice":2.6,"removePrice":0,"defaultChoices":0,"minChoices":0,"maxChoices":1,"nutritionalInfo":null,"numberOfServings":null,"initialProductInformation":{"deposit":{"value":0.15,"type":"exclusive"}}}},{"id":"203","modifier":{"id":"11695664786","name":"Fernandes Blauw 33cl","additionPrice":2.6,"removePrice":0,"defaultChoices":0,"minChoices":0,"maxChoices":1,"nutritionalInfo":null,"numberOfServings":null,"initialProductInformation":{"deposit":{"value":0.15,"type":"exclusive"}}}},{"id":"204","modifier":{"id":"11695664796","name":"Fernandes Rood 33cl","additionPrice":2.6,"removePrice":0,"defaultChoices":0,"minChoices":0,"maxChoices":1,"nutritionalInfo":null,"numberOfServings":null,"initialProductInformation":{"deposit":{"value":0.15,"type":"exclusive"}}}},{"id":"205","modifier":{"id":"11695664806","name":"Fernandes Groen 33cl","additionPrice":2.6,"removePrice":0,"defaultChoices":0,"minChoices":0,"maxChoices":1,"nutritionalInfo":null,"numberOfServings":null,"initialProductInformation":{"deposit":{"value":0.15,"type":"exclusive"}}}},{"id":"206","modifier":{"id":"11695664816","name":"Oasis 33cl","additionPrice":2.85,"removePrice":0,"defaultChoices":0,"minChoices":0,"maxChoices":1,"nutritionalInfo":null,"numberOfServings":null,"initialProductInformation":{"deposit":{"value":0.15,"type":"exclusive"}}}},{"id":"207","modifier":{"id":"11695664886","name":"Hawaii 25cl","additionPrice":2.6,"removePrice":0,"defaultChoices":0,"minChoices":0,"maxChoices":1,"nutritionalInfo":null,"numberOfServings":null,"initialProductInformation":{"deposit":{"value":0.15,"type":"exclusive"}}}},{"id":"208","modifier":{"id":"11695664896","name":"Poms 25cl","additionPrice":2.6,"removePrice":0,"defaultChoices":0,"minChoices":0,"maxChoices":1,"nutritionalInfo":null,"numberOfServings":null,"initialProductInformation":{"deposit":{"value":0.15,"type":"exclusive"}}}},{"id":"209","modifier":{"id":"11695664846","name":"Spa blauw 33cl","additionPrice":2.35,"removePrice":0,"defaultChoices":0,"minChoices":0,"maxChoices":1,"nutritionalInfo":null,"numberOfServings":null,"initialProductInformation":{"deposit":{"value":0.15,"type":"exclusive"}}}},{"id":"210","modifier":{"id":"11695664856","name":"Fristi 25cl","additionPrice":2.6,"removePrice":0,"defaultChoices":0,"minChoices":0,"maxChoices":1,"nutritionalInfo":null,"numberOfServings":null,"initialProductInformation":{"deposit":{"value":0.15,"type":"exclusive"}}}},{"id":"211","modifier":{"id":"11695664876","name":"Chocomel 25cl","additionPrice":2.6,"removePrice":0,"defaultChoices":0,"minChoices":0,"maxChoices":1,"nutritionalInfo":null,"numberOfServings":null,"initialProductInformation":{"deposit":{"value":0.15,"type":"exclusive"}}}},{"id":"212","modifier":{"id":"11695664866","name":"Ayran","additionPrice":2,"removePrice":0,"defaultChoices":0,"minChoices":0,"maxChoices":1,"nutritionalInfo":null,"numberOfServings":null}},{"id":"213","modifier":{"id":"11695664906","name":"Cream Soda 33cl","additionPrice":2.85,"removePrice":0,"defaultChoices":0,"minChoices":0,"maxChoices":1,"nutritionalInfo":null,"numberOfServings":null,"initialProductInformation":{"deposit":{"value":0.15,"type":"exclusive"}}}},{"id":"214","modifier":{"id":"11695664826","name":"AA Drink 33cl","additionPrice":2.85,"removePrice":0,"defaultChoices":0,"minChoices":0,"maxChoices":1,"nutritionalInfo":null,"numberOfServings":null,"initialProductInformation":{"deposit":{"value":0.15,"type":"exclusive"}}}},{"id":"215","modifier":{"id":"11695664836","name":"Red Bull Energy Drink 25cl","additionPrice":3.1,"removePrice":0,"defaultChoices":0,"minChoices":0,"maxChoices":1,"nutritionalInfo":null,"numberOfServings":null,"initialProductInformation":{"deposit":{"value":0.15,"type":"exclusive"}}}},{"id":"216","modifier":{"id":"11695664916","name":"Slammers Energy 25cl","additionPrice":2.35,"removePrice":0,"defaultChoices":0,"minChoices":0,"maxChoices":1,"nutritionalInfo":null,"numberOfServings":null,"initialProductInformation":{"deposit":{"value":0.15,"type":"exclusive"}}}},{"id":"217","modifier":{"id":"11695664726-PICKUP","name":"Sprite 33cl","additionPrice":2.59,"removePrice":0,"defaultChoices":0,"minChoices":0,"maxChoices":1,"nutritionalInfo":null,"numberOfServings":null,"initialProductInformation":{"deposit":{"value":0.15,"type":"exclusive"}}}},{"id":"218","modifier":{"id":"923346640","name":"Klein","additionPrice":0,"removePrice":0,"defaultChoices":0,"minChoices":0,"maxChoices":1,"nutritionalInfo":null,"numberOfServings":null}},{"id":"219","modifier":{"id":"923346650","name":"Groot","additionPrice":2,"removePrice":0,"defaultChoices":0,"minChoices":0,"maxChoices":1,"nutritionalInfo":null,"numberOfServings":null}},{"id":"220","modifier":{"id":"923346670","name":"Patat","additionPrice":0,"removePrice":0,"defaultChoices":0,"minChoices":0,"maxChoices":1,"nutritionalInfo":null,"numberOfServings":null}},{"id":"221","modifier":{"id":"923346680","name":"Rijst","additionPrice":1,"removePrice":0,"defaultChoices":0,"minChoices":0,"maxChoices":1,"nutritionalInfo":null,"numberOfServings":null}},{"id":"222","modifier":{"id":"923346690","name":"Sla","additionPrice":0,"removePrice":0,"defaultChoices":0,"minChoices":0,"maxChoices":1,"nutritionalInfo":null,"numberOfServings":null}},{"id":"223","modifier":{"id":"923346700","name":"Komkommer","additionPrice":0,"removePrice":0,"defaultChoices":0,"minChoices":0,"maxChoices":1,"nutritionalInfo":null,"numberOfServings":null}},{"id":"224","modifier":{"id":"923346710","name":"Tomaat","additionPrice":0,"removePrice":0,"defaultChoices":0,"minChoices":0,"maxChoices":1,"nutritionalInfo":null,"numberOfServings":null}},{"id":"225","modifier":{"id":"923346720","name":"Ui","additionPrice":0,"removePrice":0,"defaultChoices":0,"minChoices":0,"maxChoices":1,"nutritionalInfo":null,"numberOfServings":null}},{"id":"226","modifier":{"id":"923346730","name":"Wortelmix","additionPrice":0,"removePrice":0,"defaultChoices":0,"minChoices":0,"maxChoices":1,"nutritionalInfo":null,"numberOfServings":null}},{"id":"227","modifier":{"id":"1524270058","name":"Geen saus","additionPrice":0,"removePrice":0,"defaultChoices":0,"minChoices":0,"maxChoices":1,"nutritionalInfo":null,"numberOfServings":null}},{"id":"228","modifier":{"id":"923346740","name":"Knoflooksaus en sambal","additionPrice":0,"removePrice":0,"defaultChoices":0,"minChoices":0,"maxChoices":1,"nutritionalInfo":null,"numberOfServings":null}},{"id":"229","modifier":{"id":"923346750","name":"Knoflooksaus","additionPrice":0,"removePrice":0,"defaultChoices":0,"minChoices":0,"maxChoices":1,"nutritionalInfo":null,"numberOfServings":null}},{"id":"230","modifier":{"id":"923346760","name":"Sambal","additionPrice":0,"removePrice":0,"defaultChoices":0,"minChoices":0,"maxChoices":1,"nutritionalInfo":null,"numberOfServings":null}},{"id":"231","modifier":{"id":"923346770","name":"Andalouse","additionPrice":0,"removePrice":0,"defaultChoices":0,"minChoices":0,"maxChoices":1,"nutritionalInfo":null,"numberOfServings":null}},{"id":"232","modifier":{"id":"923346780","name":"Chilisaus","additionPrice":0,"removePrice":0,"defaultChoices":0,"minChoices":0,"maxChoices":1,"nutritionalInfo":null,"numberOfServings":null}},{"id":"233","modifier":{"id":"923346790","name":"Mayonaise","additionPrice":0,"removePrice":0,"defaultChoices":0,"minChoices":0,"maxChoices":1,"nutritionalInfo":null,"numberOfServings":null}},{"id":"234","modifier":{"id":"923346800","name":"Ketchup","additionPrice":0,"removePrice":0,"defaultChoices":0,"minChoices":0,"maxChoices":1,"nutritionalInfo":null,"numberOfServings":null}},{"id":"235","modifier":{"id":"923346810","name":"Currysaus","additionPrice":0,"removePrice":0,"defaultChoices":0,"minChoices":0,"maxChoices":1,"nutritionalInfo":null,"numberOfServings":null}},{"id":"236","modifier":{"id":"923346820","name":"Knoflooksaus en sambal","additionPrice":1.5,"removePrice":0,"defaultChoices":0,"minChoices":0,"maxChoices":1,"nutritionalInfo":null,"numberOfServings":null}},{"id":"237","modifier":{"id":"923346830","name":"Knoflooksaus","additionPrice":1,"removePrice":0,"defaultChoices":0,"minChoices":0,"maxChoices":1,"nutritionalInfo":null,"numberOfServings":null}},{"id":"238","modifier":{"id":"923346840","name":"Sambal","additionPrice":1,"removePrice":0,"defaultChoices":0,"minChoices":0,"maxChoices":1,"nutritionalInfo":null,"numberOfServings":null}},{"id":"239","modifier":{"id":"923346850","name":"Andalouse","additionPrice":1,"removePrice":0,"defaultChoices":0,"minChoices":0,"maxChoices":1,"nutritionalInfo":null,"numberOfServings":null}},{"id":"240","modifier":{"id":"923346860","name":"Chilisaus","additionPrice":1,"removePrice":0,"defaultChoices":0,"minChoices":0,"maxChoices":1,"nutritionalInfo":null,"numberOfServings":null}},{"id":"241","modifier":{"id":"923346870","name":"Mayonaise","additionPrice":1,"removePrice":0,"defaultChoices":0,"minChoices":0,"maxChoices":1,"nutritionalInfo":null,"numberOfServings":null}},{"id":"242","modifier":{"id":"923346880","name":"Ketchup","additionPrice":1,"removePrice":0,"defaultChoices":0,"minChoices":0,"maxChoices":1,"nutritionalInfo":null,"numberOfServings":null}},{"id":"243","modifier":{"id":"923346890","name":"Currysaus","additionPrice":1,"removePrice":0,"defaultChoices":0,"minChoices":0,"maxChoices":1,"nutritionalInfo":null,"numberOfServings":null}},{"id":"244","modifier":{"id":"11695674946","name":"Coca-Cola 33cl","additionPrice":2.35,"removePrice":0,"defaultChoices":0,"minChoices":0,"maxChoices":1,"nutritionalInfo":null,"numberOfServings":null,"initialProductInformation":{"deposit":{"value":0.15,"type":"exclusive"}}}},{"id":"245","modifier":{"id":"11695674956","name":"Coca-Cola light 33cl","additionPrice":2,"removePrice":0,"defaultChoices":0,"minChoices":0,"maxChoices":1,"nutritionalInfo":null,"numberOfServings":null,"initialProductInformation":{"deposit":{"value":0.15,"type":"exclusive"}}}},{"id":"246","modifier":{"id":"11695674966","name":"Coca-Cola zero sugar 33cl","additionPrice":2.35,"removePrice":0,"defaultChoices":0,"minChoices":0,"maxChoices":1,"nutritionalInfo":null,"numberOfServings":null,"initialProductInformation":{"deposit":{"value":0.15,"type":"exclusive"}}}},{"id":"247","modifier":{"id":"11695674976","name":"Fanta orange 33cl","additionPrice":2.35,"removePrice":0,"defaultChoices":0,"minChoices":0,"maxChoices":1,"nutritionalInfo":null,"numberOfServings":null,"initialProductInformation":{"deposit":{"value":0.15,"type":"exclusive"}}}},{"id":"248","modifier":{"id":"11695674986","name":"Fanta strawberry \u0026 kiwi 33cl","additionPrice":2.6,"removePrice":0,"defaultChoices":0,"minChoices":0,"maxChoices":1,"nutritionalInfo":null,"numberOfServings":null,"initialProductInformation":{"deposit":{"value":0.15,"type":"exclusive"}}}},{"id":"249","modifier":{"id":"11695674996","name":"Fanta exotic 33cl","additionPrice":2.6,"removePrice":0,"defaultChoices":0,"minChoices":0,"maxChoices":1,"nutritionalInfo":null,"numberOfServings":null,"initialProductInformation":{"deposit":{"value":0.15,"type":"exclusive"}}}},{"id":"250","modifier":{"id":"11695675006","name":"Sprite 33cl","additionPrice":2.35,"removePrice":0,"defaultChoices":0,"minChoices":0,"maxChoices":1,"nutritionalInfo":null,"numberOfServings":null,"initialProductInformation":{"deposit":{"value":0.15,"type":"exclusive"}}}},{"id":"251","modifier":{"id":"11695675206","name":"Lipton ice tea sparkling 33cl","additionPrice":2.35,"removePrice":0,"defaultChoices":0,"minChoices":0,"maxChoices":1,"nutritionalInfo":null,"numberOfServings":null,"initialProductInformation":{"deposit":{"value":0.15,"type":"exclusive"}}}},{"id":"252","modifier":{"id":"11695675216","name":"Lipton ice tea peach 33cl","additionPrice":2.35,"removePrice":0,"defaultChoices":0,"minChoices":0,"maxChoices":1,"nutritionalInfo":null,"numberOfServings":null,"initialProductInformation":{"deposit":{"value":0.15,"type":"exclusive"}}}},{"id":"253","modifier":{"id":"11695675016","name":"Mogu Mogu passievrucht 32cl","additionPrice":2.85,"removePrice":0,"defaultChoices":0,"minChoices":0,"maxChoices":1,"nutritionalInfo":null,"numberOfServings":null,"initialProductInformation":{"deposit":{"value":0.15,"type":"exclusive"}}}},{"id":"254","modifier":{"id":"11695675026","name":"Mogu Mogu aardbei 32cl","additionPrice":2.85,"removePrice":0,"defaultChoices":0,"minChoices":0,"maxChoices":1,"nutritionalInfo":null,"numberOfServings":null,"initialProductInformation":{"deposit":{"value":0.15,"type":"exclusive"}}}},{"id":"255","modifier":{"id":"11695675036","name":"Mogu Mogu mango 32cl","additionPrice":2.85,"removePrice":0,"defaultChoices":0,"minChoices":0,"maxChoices":1,"nutritionalInfo":null,"numberOfServings":null,"initialProductInformation":{"deposit":{"value":0.15,"type":"exclusive"}}}},{"id":"256","modifier":{"id":"11695675046","name":"Fernandes Geel 33cl","additionPrice":2.6,"removePrice":0,"defaultChoices":0,"minChoices":0,"maxChoices":1,"nutritionalInfo":null,"numberOfServings":null,"initialProductInformation":{"deposit":{"value":0.15,"type":"exclusive"}}}},{"id":"257","modifier":{"id":"11695675056","name":"Fernandes Oranje 33cl","additionPrice":2.6,"removePrice":0,"defaultChoices":0,"minChoices":0,"maxChoices":1,"nutritionalInfo":null,"numberOfServings":null,"initialProductInformation":{"deposit":{"value":0.15,"type":"exclusive"}}}},{"id":"258","modifier":{"id":"11695675066","name":"Fernandes Blauw 33cl","additionPrice":2.6,"removePrice":0,"defaultChoices":0,"minChoices":0,"maxChoices":1,"nutritionalInfo":null,"numberOfServings":null,"initialProductInformation":{"deposit":{"value":0.15,"type":"exclusive"}}}},{"id":"259","modifier":{"id":"11695675076","name":"Fernandes Rood 33cl","additionPrice":2.6,"removePrice":0,"defaultChoices":0,"minChoices":0,"maxChoices":1,"nutritionalInfo":null,"numberOfServings":null,"initialProductInformation":{"deposit":{"value":0.15,"type":"exclusive"}}}},{"id":"260","modifier":{"id":"11695675086","name":"Fernandes Groen 33cl","additionPrice":2.6,"removePrice":0,"defaultChoices":0,"minChoices":0,"maxChoices":1,"nutritionalInfo":null,"numberOfServings":null,"initialProductInformation":{"deposit":{"value":0.15,"type":"exclusive"}}}},{"id":"261","modifier":{"id":"11695675096","name":"Oasis 33cl","additionPrice":2.85,"removePrice":0,"defaultChoices":0,"minChoices":0,"maxChoices":1,"nutritionalInfo":null,"numberOfServings":null,"initialProductInformation":{"deposit":{"value":0.15,"type":"exclusive"}}}},{"id":"262","modifier":{"id":"11695675166","name":"Hawaii 25cl","additionPrice":2.6,"removePrice":0,"defaultChoices":0,"minChoices":0,"maxChoices":1,"nutritionalInfo":null,"numberOfServings":null,"initialProductInformation":{"deposit":{"value":0.15,"type":"exclusive"}}}},{"id":"263","modifier":{"id":"11695675176","name":"Poms 25cl","additionPrice":2.6,"removePrice":0,"defaultChoices":0,"minChoices":0,"maxChoices":1,"nutritionalInfo":null,"numberOfServings":null,"initialProductInformation":{"deposit":{"value":0.15,"type":"exclusive"}}}},{"id":"264","modifier":{"id":"11695675126","name":"Spa blauw 33cl","additionPrice":2.35,"removePrice":0,"defaultChoices":0,"minChoices":0,"maxChoices":1,"nutritionalInfo":null,"numberOfServings":null,"initialProductInformation":{"deposit":{"value":0.15,"type":"exclusive"}}}},{"id":"265","modifier":{"id":"11695675136","name":"Fristi 25cl","additionPrice":2.6,"removePrice":0,"defaultChoices":0,"minChoices":0,"maxChoices":1,"nutritionalInfo":null,"numberOfServings":null,"initialProductInformation":{"deposit":{"value":0.15,"type":"exclusive"}}}},{"id":"266","modifier":{"id":"11695675156","name":"Chocomel 25cl","additionPrice":2.6,"removePrice":0,"defaultChoices":0,"minChoices":0,"maxChoices":1,"nutritionalInfo":null,"numberOfServings":null,"initialProductInformation":{"deposit":{"value":0.15,"type":"exclusive"}}}},{"id":"267","modifier":{"id":"11695675146","name":"Ayran","additionPrice":2,"removePrice":0,"defaultChoices":0,"minChoices":0,"maxChoices":1,"nutritionalInfo":null,"numberOfServings":null}},{"id":"268","modifier":{"id":"11695675186","name":"Cream Soda 33cl","additionPrice":2.85,"removePrice":0,"defaultChoices":0,"minChoices":0,"maxChoices":1,"nutritionalInfo":null,"numberOfServings":null,"initialProductInformation":{"deposit":{"value":0.15,"type":"exclusive"}}}},{"id":"269","modifier":{"id":"11695675106","name":"AA Drink 33cl","additionPrice":2.6,"removePrice":0,"defaultChoices":0,"minChoices":0,"maxChoices":1,"nutritionalInfo":null,"numberOfServings":null,"initialProductInformation":{"deposit":{"value":0.15,"type":"exclusive"}}}},{"id":"270","modifier":{"id":"11695675116","name":"Red Bull Energy Drink 25cl","additionPrice":3,"removePrice":0,"defaultChoices":0,"minChoices":0,"maxChoices":1,"nutritionalInfo":null,"numberOfServings":null,"initialProductInformation":{"deposit":{"value":0.15,"type":"exclusive"}}}},{"id":"271","modifier":{"id":"11695675196","name":"Slammers Energy 25cl","additionPrice":2.35,"removePrice":0,"defaultChoices":0,"minChoices":0,"maxChoices":1,"nutritionalInfo":null,"numberOfServings":null,"initialProductInformation":{"deposit":{"value":0.15,"type":"exclusive"}}}},{"id":"272","modifier":{"id":"923347140","name":"Klein","additionPrice":0,"removePrice":0,"defaultChoices":0,"minChoices":0,"maxChoices":1,"nutritionalInfo":null,"numberOfServings":null}},{"id":"273","modifier":{"id":"923347150","name":"Groot","additionPrice":2,"removePrice":0,"defaultChoices":0,"minChoices":0,"maxChoices":1,"nutritionalInfo":null,"numberOfServings":null}},{"id":"274","modifier":{"id":"923347160","name":"Patat","additionPrice":0,"removePrice":0,"defaultChoices":0,"minChoices":0,"maxChoices":1,"nutritionalInfo":null,"numberOfServings":null}},{"id":"275","modifier":{"id":"923347170","name":"Rijst","additionPrice":1,"removePrice":0,"defaultChoices":0,"minChoices":0,"maxChoices":1,"nutritionalInfo":null,"numberOfServings":null}},{"id":"276","modifier":{"id":"923347180","name":"Sla","additionPrice":0,"removePrice":0,"defaultChoices":0,"minChoices":0,"maxChoices":1,"nutritionalInfo":null,"numberOfServings":null}},{"id":"277","modifier":{"id":"923347190","name":"Komkommer","additionPrice":0,"removePrice":0,"defaultChoices":0,"minChoices":0,"maxChoices":1,"nutritionalInfo":null,"numberOfServings":null}},{"id":"278","modifier":{"id":"923347200","name":"Tomaat","additionPrice":0,"removePrice":0,"defaultChoices":0,"minChoices":0,"maxChoices":1,"nutritionalInfo":null,"numberOfServings":null}},{"id":"279","modifier":{"id":"923347210","name":"Ui","additionPrice":0,"removePrice":0,"defaultChoices":0,"minChoices":0,"maxChoices":1,"nutritionalInfo":null,"numberOfServings":null}},{"id":"280","modifier":{"id":"923347220","name":"Wortelmix","additionPrice":0,"removePrice":0,"defaultChoices":0,"minChoices":0,"maxChoices":1,"nutritionalInfo":null,"numberOfServings":null}},{"id":"281","modifier":{"id":"1524270828","name":"Geen saus","additionPrice":0,"removePrice":0,"defaultChoices":0,"minChoices":0,"maxChoices":1,"nutritionalInfo":null,"numberOfServings":null}},{"id":"282","modifier":{"id":"923347230","name":"Knoflooksaus en sambal","additionPrice":0,"removePrice":0,"defaultChoices":0,"minChoices":0,"maxChoices":1,"nutritionalInfo":null,"numberOfServings":null}},{"id":"283","modifier":{"id":"923347240","name":"Knoflooksaus","additionPrice":0,"removePrice":0,"defaultChoices":0,"minChoices":0,"maxChoices":1,"nutritionalInfo":null,"numberOfServings":null}},{"id":"284","modifier":{"id":"923347250","name":"Sambal","additionPrice":0,"removePrice":0,"defaultChoices":0,"minChoices":0,"maxChoices":1,"nutritionalInfo":null,"numberOfServings":null}},{"id":"285","modifier":{"id":"923347260","name":"Andalouse","additionPrice":0,"removePrice":0,"defaultChoices":0,"minChoices":0,"maxChoices":1,"nutritionalInfo":null,"numberOfServings":null}},{"id":"286","modifier":{"id":"923347270","name":"Chilisaus","additionPrice":0,"removePrice":0,"defaultChoices":0,"minChoices":0,"maxChoices":1,"nutritionalInfo":null,"numberOfServings":null}},{"id":"287","modifier":{"id":"923347280","name":"Mayonaise","additionPrice":0,"removePrice":0,"defaultChoices":0,"minChoices":0,"maxChoices":1,"nutritionalInfo":null,"numberOfServings":null}},{"id":"288","modifier":{"id":"923347290","name":"Ketchup","additionPrice":0,"removePrice":0,"defaultChoices":0,"minChoices":0,"maxChoices":1,"nutritionalInfo":null,"numberOfServings":null}},{"id":"289","modifier":{"id":"923347300","name":"Currysaus","additionPrice":0,"removePrice":0,"defaultChoices":0,"minChoices":0,"maxChoices":1,"nutritionalInfo":null,"numberOfServings":null}},{"id":"290","modifier":{"id":"923347310","name":"Knoflooksaus en sambal","additionPrice":1.5,"removePrice":0,"defaultChoices":0,"minChoices":0,"maxChoices":1,"nutritionalInfo":null,"numberOfServings":null}},{"id":"291","modifier":{"id":"923347320","name":"Knoflooksaus","additionPrice":1,"removePrice":0,"defaultChoices":0,"minChoices":0,"maxChoices":1,"nutritionalInfo":null,"numberOfServings":null}},{"id":"292","modifier":{"id":"923347330","name":"Sambal","additionPrice":1,"removePrice":0,"defaultChoices":0,"minChoices":0,"maxChoices":1,"nutritionalInfo":null,"numberOfServings":null}},{"id":"293","modifier":{"id":"923347340","name":"Andalouse","additionPrice":1,"removePrice":0,"defaultChoices":0,"minChoices":0,"maxChoices":1,"nutritionalInfo":null,"numberOfServings":null}},{"id":"294","modifier":{"id":"923347350","name":"Chilisaus","additionPrice":1,"removePrice":0,"defaultChoices":0,"minChoices":0,"maxChoices":1,"nutritionalInfo":null,"numberOfServings":null}},{"id":"295","modifier":{"id":"923347360","name":"Mayonaise","additionPrice":1,"removePrice":0,"defaultChoices":0,"minChoices":0,"maxChoices":1,"nutritionalInfo":null,"numberOfServings":null}},{"id":"296","modifier":{"id":"923347370","name":"Ketchup","additionPrice":1,"removePrice":0,"defaultChoices":0,"minChoices":0,"maxChoices":1,"nutritionalInfo":null,"numberOfServings":null}},{"id":"297","modifier":{"id":"923347380","name":"Currysaus","additionPrice":1,"removePrice":0,"defaultChoices":0,"minChoices":0,"maxChoices":1,"nutritionalInfo":null,"numberOfServings":null}},{"id":"298","modifier":{"id":"11695685946","name":"Coca-Cola 33cl","additionPrice":2.35,"removePrice":0,"defaultChoices":0,"minChoices":0,"maxChoices":1,"nutritionalInfo":null,"numberOfServings":null,"initialProductInformation":{"deposit":{"value":0.15,"type":"exclusive"}}}},{"id":"299","modifier":{"id":"11695685956","name":"Coca-Cola light 33cl","additionPrice":2.35,"removePrice":0,"defaultChoices":0,"minChoices":0,"maxChoices":1,"nutritionalInfo":null,"numberOfServings":null,"initialProductInformation":{"deposit":{"value":0.15,"type":"exclusive"}}}},{"id":"300","modifier":{"id":"11695685966","name":"Coca-Cola zero sugar 33cl","additionPrice":2.35,"removePrice":0,"defaultChoices":0,"minChoices":0,"maxChoices":1,"nutritionalInfo":null,"numberOfServings":null,"initialProductInformation":{"deposit":{"value":0.15,"type":"exclusive"}}}},{"id":"301","modifier":{"id":"11695685976","name":"Fanta orange 33cl","additionPrice":2.35,"removePrice":0,"defaultChoices":0,"minChoices":0,"maxChoices":1,"nutritionalInfo":null,"numberOfServings":null,"initialProductInformation":{"deposit":{"value":0.15,"type":"exclusive"}}}},{"id":"302","modifier":{"id":"11695685986","name":"Fanta strawberry \u0026 kiwi 33cl","additionPrice":2.6,"removePrice":0,"defaultChoices":0,"minChoices":0,"maxChoices":1,"nutritionalInfo":null,"numberOfServings":null,"initialProductInformation":{"deposit":{"value":0.15,"type":"exclusive"}}}},{"id":"303","modifier":{"id":"11695685996","name":"Fanta exotic 33cl","additionPrice":2.6,"removePrice":0,"defaultChoices":0,"minChoices":0,"maxChoices":1,"nutritionalInfo":null,"numberOfServings":null,"initialProductInformation":{"deposit":{"value":0.15,"type":"exclusive"}}}},{"id":"304","modifier":{"id":"11695686006","name":"Sprite 33cl","additionPrice":2.35,"removePrice":0,"defaultChoices":0,"minChoices":0,"maxChoices":1,"nutritionalInfo":null,"numberOfServings":null,"initialProductInformation":{"deposit":{"value":0.15,"type":"exclusive"}}}},{"id":"305","modifier":{"id":"11695686206","name":"Lipton ice tea sparkling 33cl","additionPrice":2.35,"removePrice":0,"defaultChoices":0,"minChoices":0,"maxChoices":1,"nutritionalInfo":null,"numberOfServings":null,"initialProductInformation":{"deposit":{"value":0.15,"type":"exclusive"}}}},{"id":"306","modifier":{"id":"11695686216","name":"Lipton ice tea peach 33cl","additionPrice":2.35,"removePrice":0,"defaultChoices":0,"minChoices":0,"maxChoices":1,"nutritionalInfo":null,"numberOfServings":null,"initialProductInformation":{"deposit":{"value":0.15,"type":"exclusive"}}}},{"id":"307","modifier":{"id":"11695686016","name":"Mogu Mogu passievrucht 32cl","additionPrice":2.85,"removePrice":0,"defaultChoices":0,"minChoices":0,"maxChoices":1,"nutritionalInfo":null,"numberOfServings":null,"initialProductInformation":{"deposit":{"value":0.15,"type":"exclusive"}}}},{"id":"308","modifier":{"id":"11695686026","name":"Mogu Mogu aardbei 32cl","additionPrice":2.85,"removePrice":0,"defaultChoices":0,"minChoices":0,"maxChoices":1,"nutritionalInfo":null,"numberOfServings":null,"initialProductInformation":{"deposit":{"value":0.15,"type":"exclusive"}}}},{"id":"309","modifier":{"id":"11695686036","name":"Mogu Mogu mango 32cl","additionPrice":2.85,"removePrice":0,"defaultChoices":0,"minChoices":0,"maxChoices":1,"nutritionalInfo":null,"numberOfServings":null,"initialProductInformation":{"deposit":{"value":0.15,"type":"exclusive"}}}},{"id":"310","modifier":{"id":"11695686046","name":"Fernandes Geel 33cl","additionPrice":2.6,"removePrice":0,"defaultChoices":0,"minChoices":0,"maxChoices":1,"nutritionalInfo":null,"numberOfServings":null,"initialProductInformation":{"deposit":{"value":0.15,"type":"exclusive"}}}},{"id":"311","modifier":{"id":"11695686056","name":"Fernandes Oranje 33cl","additionPrice":2.6,"removePrice":0,"defaultChoices":0,"minChoices":0,"maxChoices":1,"nutritionalInfo":null,"numberOfServings":null,"initialProductInformation":{"deposit":{"value":0.15,"type":"exclusive"}}}},{"id":"312","modifier":{"id":"11695686066","name":"Fernandes Blauw 33cl","additionPrice":2.6,"removePrice":0,"defaultChoices":0,"minChoices":0,"maxChoices":1,"nutritionalInfo":null,"numberOfServings":null,"initialProductInformation":{"deposit":{"value":0.15,"type":"exclusive"}}}},{"id":"313","modifier":{"id":"11695686076","name":"Fernandes Rood 33cl","additionPrice":2.6,"removePrice":0,"defaultChoices":0,"minChoices":0,"maxChoices":1,"nutritionalInfo":null,"numberOfServings":null,"initialProductInformation":{"deposit":{"value":0.15,"type":"exclusive"}}}},{"id":"314","modifier":{"id":"11695686086","name":"Fernandes Groen 33cl","additionPrice":2.6,"removePrice":0,"defaultChoices":0,"minChoices":0,"maxChoices":1,"nutritionalInfo":null,"numberOfServings":null,"initialProductInformation":{"deposit":{"value":0.15,"type":"exclusive"}}}},{"id":"315","modifier":{"id":"11695686096","name":"Oasis 33cl","additionPrice":2.85,"removePrice":0,"defaultChoices":0,"minChoices":0,"maxChoices":1,"nutritionalInfo":null,"numberOfServings":null,"initialProductInformation":{"deposit":{"value":0.15,"type":"exclusive"}}}},{"id":"316","modifier":{"id":"11695686166","name":"Hawaii 25cl","additionPrice":2.6,"removePrice":0,"defaultChoices":0,"minChoices":0,"maxChoices":1,"nutritionalInfo":null,"numberOfServings":null,"initialProductInformation":{"deposit":{"value":0.15,"type":"exclusive"}}}},{"id":"317","modifier":{"id":"11695686176","name":"Poms 25cl","additionPrice":2.6,"removePrice":0,"defaultChoices":0,"minChoices":0,"maxChoices":1,"nutritionalInfo":null,"numberOfServings":null,"initialProductInformation":{"deposit":{"value":0.15,"type":"exclusive"}}}},{"id":"318","modifier":{"id":"11695686126","name":"Spa blauw 33cl","additionPrice":2.35,"removePrice":0,"defaultChoices":0,"minChoices":0,"maxChoices":1,"nutritionalInfo":null,"numberOfServings":null,"initialProductInformation":{"deposit":{"value":0.15,"type":"exclusive"}}}},{"id":"319","modifier":{"id":"11695686136","name":"Fristi 25cl","additionPrice":2.6,"removePrice":0,"defaultChoices":0,"minChoices":0,"maxChoices":1,"nutritionalInfo":null,"numberOfServings":null,"initialProductInformation":{"deposit":{"value":0.15,"type":"exclusive"}}}},{"id":"320","modifier":{"id":"11695686156","name":"Chocomel 25cl","additionPrice":2.6,"removePrice":0,"defaultChoices":0,"minChoices":0,"maxChoices":1,"nutritionalInfo":null,"numberOfServings":null,"initialProductInformation":{"deposit":{"value":0.15,"type":"exclusive"}}}},{"id":"321","modifier":{"id":"11695686146","name":"Ayran","additionPrice":2,"removePrice":0,"defaultChoices":0,"minChoices":0,"maxChoices":1,"nutritionalInfo":null,"numberOfServings":null}},{"id":"322","modifier":{"id":"11695686186","name":"Cream Soda 33cl","additionPrice":2.85,"removePrice":0,"defaultChoices":0,"minChoices":0,"maxChoices":1,"nutritionalInfo":null,"numberOfServings":null,"initialProductInformation":{"deposit":{"value":0.15,"type":"exclusive"}}}},{"id":"323","modifier":{"id":"11695686106","name":"AA Drink 33cl","additionPrice":2.85,"removePrice":0,"defaultChoices":0,"minChoices":0,"maxChoices":1,"nutritionalInfo":null,"numberOfServings":null,"initialProductInformation":{"deposit":{"value":0.15,"type":"exclusive"}}}},{"id":"324","modifier":{"id":"11695686116","name":"Red Bull Energy Drink 25cl","additionPrice":3,"removePrice":0,"defaultChoices":0,"minChoices":0,"maxChoices":1,"nutritionalInfo":null,"numberOfServings":null,"initialProductInformation":{"deposit":{"value":0.15,"type":"exclusive"}}}},{"id":"325","modifier":{"id":"11695686196","name":"Slammers Energy 25cl","additionPrice":2.35,"removePrice":0,"defaultChoices":0,"minChoices":0,"maxChoices":1,"nutritionalInfo":null,"numberOfServings":null,"initialProductInformation":{"deposit":{"value":0.15,"type":"exclusive"}}}},{"id":"326","modifier":{"id":"11695692216","name":"Coca-Cola 33cl","additionPrice":2,"removePrice":0,"defaultChoices":0,"minChoices":0,"maxChoices":1,"nutritionalInfo":null,"numberOfServings":null,"initialProductInformation":{"deposit":{"value":0.15,"type":"exclusive"}}}},{"id":"327","modifier":{"id":"11695692226","name":"Coca-Cola light 33cl","additionPrice":2,"removePrice":0,"defaultChoices":0,"minChoices":0,"maxChoices":1,"nutritionalInfo":null,"numberOfServings":null,"initialProductInformation":{"deposit":{"value":0.15,"type":"exclusive"}}}},{"id":"328","modifier":{"id":"11695692236","name":"Coca-Cola zero sugar 33cl","additionPrice":2,"removePrice":0,"defaultChoices":0,"minChoices":0,"maxChoices":1,"nutritionalInfo":null,"numberOfServings":null,"initialProductInformation":{"deposit":{"value":0.15,"type":"exclusive"}}}},{"id":"329","modifier":{"id":"11695692246","name":"Fanta orange 33cl","additionPrice":2,"removePrice":0,"defaultChoices":0,"minChoices":0,"maxChoices":1,"nutritionalInfo":null,"numberOfServings":null,"initialProductInformation":{"deposit":{"value":0.15,"type":"exclusive"}}}},{"id":"330","modifier":{"id":"11695692256","name":"Fanta strawberry \u0026 kiwi 33cl","additionPrice":2.5,"removePrice":0,"defaultChoices":0,"minChoices":0,"maxChoices":1,"nutritionalInfo":null,"numberOfServings":null,"initialProductInformation":{"deposit":{"value":0.15,"type":"exclusive"}}}},{"id":"331","modifier":{"id":"11695692266","name":"Fanta exotic 33cl","additionPrice":2.5,"removePrice":0,"defaultChoices":0,"minChoices":0,"maxChoices":1,"nutritionalInfo":null,"numberOfServings":null,"initialProductInformation":{"deposit":{"value":0.15,"type":"exclusive"}}}},{"id":"332","modifier":{"id":"11695692276","name":"Sprite 33cl","additionPrice":2,"removePrice":0,"defaultChoices":0,"minChoices":0,"maxChoices":1,"nutritionalInfo":null,"numberOfServings":null,"initialProductInformation":{"deposit":{"value":0.15,"type":"exclusive"}}}},{"id":"333","modifier":{"id":"11695692476","name":"Lipton ice tea sparkling 33cl","additionPrice":2,"removePrice":0,"defaultChoices":0,"minChoices":0,"maxChoices":1,"nutritionalInfo":null,"numberOfServings":null,"initialProductInformation":{"deposit":{"value":0.15,"type":"exclusive"}}}},{"id":"334","modifier":{"id":"11695692486","name":"Lipton ice tea peach 33cl","additionPrice":2,"removePrice":0,"defaultChoices":0,"minChoices":0,"maxChoices":1,"nutritionalInfo":null,"numberOfServings":null,"initialProductInformation":{"deposit":{"value":0.15,"type":"exclusive"}}}},{"id":"335","modifier":{"id":"11695692286","name":"Mogu Mogu passievrucht 32cl","additionPrice":2.85,"removePrice":0,"defaultChoices":0,"minChoices":0,"maxChoices":1,"nutritionalInfo":null,"numberOfServings":null,"initialProductInformation":{"deposit":{"value":0.15,"type":"exclusive"}}}},{"id":"336","modifier":{"id":"11695692296","name":"Mogu Mogu aardbei 32cl","additionPrice":2.85,"removePrice":0,"defaultChoices":0,"minChoices":0,"maxChoices":1,"nutritionalInfo":null,"numberOfServings":null,"initialProductInformation":{"deposit":{"value":0.15,"type":"exclusive"}}}},{"id":"337","modifier":{"id":"11695692306","name":"Mogu Mogu mango 32cl","additionPrice":2.85,"removePrice":0,"defaultChoices":0,"minChoices":0,"maxChoices":1,"nutritionalInfo":null,"numberOfServings":null,"initialProductInformation":{"deposit":{"value":0.15,"type":"exclusive"}}}},{"id":"338","modifier":{"id":"11695692316","name":"AloÃ« vera granaatappel","additionPrice":3.1,"removePrice":0,"defaultChoices":0,"minChoices":0,"maxChoices":1,"nutritionalInfo":null,"numberOfServings":null,"initialProductInformation":{"deposit":{"value":0.15,"type":"exclusive"}}}},{"id":"339","modifier":{"id":"11695692326","name":"Fernandes cream ginger 33cl","additionPrice":2.5,"removePrice":0,"defaultChoices":0,"minChoices":0,"maxChoices":1,"nutritionalInfo":null,"numberOfServings":null,"initialProductInformation":{"deposit":{"value":0.15,"type":"exclusive"}}}},{"id":"340","modifier":{"id":"11695692336","name":"Fernandes red grape 33cl","additionPrice":2.5,"removePrice":0,"defaultChoices":0,"minChoices":0,"maxChoices":1,"nutritionalInfo":null,"numberOfServings":null,"initialProductInformation":{"deposit":{"value":0.15,"type":"exclusive"}}}},{"id":"341","modifier":{"id":"11695692346","name":"Fernandes cherry bouquet 33cl","additionPrice":2.5,"removePrice":0,"defaultChoices":0,"minChoices":0,"maxChoices":1,"nutritionalInfo":null,"numberOfServings":null,"initialProductInformation":{"deposit":{"value":0.15,"type":"exclusive"}}}},{"id":"342","modifier":{"id":"11695692356","name":"Fernandes green punch 33cl","additionPrice":2.5,"removePrice":0,"defaultChoices":0,"minChoices":0,"maxChoices":1,"nutritionalInfo":null,"numberOfServings":null,"initialProductInformation":{"deposit":{"value":0.15,"type":"exclusive"}}}},{"id":"343","modifier":{"id":"11695692366","name":"Oasis 33cl","additionPrice":2.5,"removePrice":0,"defaultChoices":0,"minChoices":0,"maxChoices":1,"nutritionalInfo":null,"numberOfServings":null,"initialProductInformation":{"deposit":{"value":0.15,"type":"exclusive"}}}},{"id":"344","modifier":{"id":"11695692436","name":"Hawaii 25cl","additionPrice":2.5,"removePrice":0,"defaultChoices":0,"minChoices":0,"maxChoices":1,"nutritionalInfo":null,"numberOfServings":null,"initialProductInformation":{"deposit":{"value":0.15,"type":"exclusive"}}}},{"id":"345","modifier":{"id":"11695692446","name":"Poms 25cl","additionPrice":2.5,"removePrice":0,"defaultChoices":0,"minChoices":0,"maxChoices":1,"nutritionalInfo":null,"numberOfServings":null,"initialProductInformation":{"deposit":{"value":0.15,"type":"exclusive"}}}},{"id":"346","modifier":{"id":"11695692396","name":"Spa blauw 33cl","additionPrice":2.35,"removePrice":0,"defaultChoices":0,"minChoices":0,"maxChoices":1,"nutritionalInfo":null,"numberOfServings":null,"initialProductInformation":{"deposit":{"value":0.15,"type":"exclusive"}}}},{"id":"347","modifier":{"id":"11695692406","name":"Fristi 25cl","additionPrice":2.5,"removePrice":0,"defaultChoices":0,"minChoices":0,"maxChoices":1,"nutritionalInfo":null,"numberOfServings":null,"initialProductInformation":{"deposit":{"value":0.15,"type":"exclusive"}}}},{"id":"348","modifier":{"id":"11695692426","name":"Chocomel 25cl","additionPrice":2.5,"removePrice":0,"defaultChoices":0,"minChoices":0,"maxChoices":1,"nutritionalInfo":null,"numberOfServings":null,"initialProductInformation":{"deposit":{"value":0.15,"type":"exclusive"}}}},{"id":"349","modifier":{"id":"11695692416","name":"Ayran","additionPrice":2,"removePrice":0,"defaultChoices":0,"minChoices":0,"maxChoices":1,"nutritionalInfo":null,"numberOfServings":null}},{"id":"350","modifier":{"id":"11695692456","name":"Cream Soda 33cl","additionPrice":2.5,"removePrice":0,"defaultChoices":0,"minChoices":0,"maxChoices":1,"nutritionalInfo":null,"numberOfServings":null,"initialProductInformation":{"deposit":{"value":0.15,"type":"exclusive"}}}},{"id":"351","modifier":{"id":"11695692376","name":"AA Drink 33cl","additionPrice":2.6,"removePrice":0,"defaultChoices":0,"minChoices":0,"maxChoices":1,"nutritionalInfo":null,"numberOfServings":null,"initialProductInformation":{"deposit":{"value":0.15,"type":"exclusive"}}}},{"id":"352","modifier":{"id":"11695692386","name":"Red Bull Energy Drink 25cl","additionPrice":3,"removePrice":0,"defaultChoices":0,"minChoices":0,"maxChoices":1,"nutritionalInfo":null,"numberOfServings":null,"initialProductInformation":{"deposit":{"value":0.15,"type":"exclusive"}}}},{"id":"353","modifier":{"id":"11695692466","name":"Slammers Energy 25cl","additionPrice":2,"removePrice":0,"defaultChoices":0,"minChoices":0,"maxChoices":1,"nutritionalInfo":null,"numberOfServings":null,"initialProductInformation":{"deposit":{"value":0.15,"type":"exclusive"}}}},{"id":"354","modifier":{"id":"11413167116","name":"Sla","additionPrice":0,"removePrice":0,"defaultChoices":0,"minChoices":0,"maxChoices":1,"nutritionalInfo":null,"numberOfServings":null}},{"id":"355","modifier":{"id":"11413167126","name":"Komkommer","additionPrice":0,"removePrice":0,"defaultChoices":0,"minChoices":0,"maxChoices":1,"nutritionalInfo":null,"numberOfServings":null}},{"id":"356","modifier":{"id":"11413167136","name":"Tomaat","additionPrice":0,"removePrice":0,"defaultChoices":0,"minChoices":0,"maxChoices":1,"nutritionalInfo":null,"numberOfServings":null}},{"id":"357","modifier":{"id":"11413167146","name":"Ui","additionPrice":0,"removePrice":0,"defaultChoices":0,"minChoices":0,"maxChoices":1,"nutritionalInfo":null,"numberOfServings":null}},{"id":"358","modifier":{"id":"11413167156","name":"Wortelmix","additionPrice":0,"removePrice":0,"defaultChoices":0,"minChoices":0,"maxChoices":1,"nutritionalInfo":null,"numberOfServings":null}},{"id":"359","modifier":{"id":"11413167166","name":"Geen saus","additionPrice":0,"removePrice":0,"defaultChoices":0,"minChoices":0,"maxChoices":1,"nutritionalInfo":null,"numberOfServings":null}},{"id":"360","modifier":{"id":"11413167176","name":"Knoflooksaus en sambal","additionPrice":0,"removePrice":0,"defaultChoices":0,"minChoices":0,"maxChoices":1,"nutritionalInfo":null,"numberOfServings":null}},{"id":"361","modifier":{"id":"11413167186","name":"Knoflooksaus","additionPrice":0,"removePrice":0,"defaultChoices":0,"minChoices":0,"maxChoices":1,"nutritionalInfo":null,"numberOfServings":null}},{"id":"362","modifier":{"id":"11413167196","name":"Sambal","additionPrice":0,"removePrice":0,"defaultChoices":0,"minChoices":0,"maxChoices":1,"nutritionalInfo":null,"numberOfServings":null}},{"id":"363","modifier":{"id":"11413167206","name":"Andalouse","additionPrice":0,"removePrice":0,"defaultChoices":0,"minChoices":0,"maxChoices":1,"nutritionalInfo":null,"numberOfServings":null}},{"id":"364","modifier":{"id":"11413167216","name":"Chilisaus","additionPrice":0,"removePrice":0,"defaultChoices":0,"minChoices":0,"maxChoices":1,"nutritionalInfo":null,"numberOfServings":null}},{"id":"365","modifier":{"id":"11413167226","name":"Mayonaise","additionPrice":0,"removePrice":0,"defaultChoices":0,"minChoices":0,"maxChoices":1,"nutritionalInfo":null,"numberOfServings":null}},{"id":"366","modifier":{"id":"11413167236","name":"Ketchup","additionPrice":0,"removePrice":0,"defaultChoices":0,"minChoices":0,"maxChoices":1,"nutritionalInfo":null,"numberOfServings":null}},{"id":"367","modifier":{"id":"11413167246","name":"Currysaus","additionPrice":0,"removePrice":0,"defaultChoices":0,"minChoices":0,"maxChoices":1,"nutritionalInfo":null,"numberOfServings":null}},{"id":"368","modifier":{"id":"11413167256","name":"Knoflooksaus en sambal","additionPrice":1.5,"removePrice":0,"defaultChoices":0,"minChoices":0,"maxChoices":1,"nutritionalInfo":null,"numberOfServings":null}},{"id":"369","modifier":{"id":"11413167266","name":"Knoflooksaus","additionPrice":1,"removePrice":0,"defaultChoices":0,"minChoices":0,"maxChoices":1,"nutritionalInfo":null,"numberOfServings":null}},{"id":"370","modifier":{"id":"11413167276","name":"Sambal","additionPrice":1,"removePrice":0,"defaultChoices":0,"minChoices":0,"maxChoices":1,"nutritionalInfo":null,"numberOfServings":null}},{"id":"371","modifier":{"id":"11413167286","name":"Andalouse","additionPrice":1,"removePrice":0,"defaultChoices":0,"minChoices":0,"maxChoices":1,"nutritionalInfo":null,"numberOfServings":null}},{"id":"372","modifier":{"id":"11413167296","name":"Chilisaus","additionPrice":1,"removePrice":0,"defaultChoices":0,"minChoices":0,"maxChoices":1,"nutritionalInfo":null,"numberOfServings":null}},{"id":"373","modifier":{"id":"11413167306","name":"Mayonaise","additionPrice":1,"removePrice":0,"defaultChoices":0,"minChoices":0,"maxChoices":1,"nutritionalInfo":null,"numberOfServings":null}},{"id":"374","modifier":{"id":"11413167316","name":"Ketchup","additionPrice":1,"removePrice":0,"defaultChoices":0,"minChoices":0,"maxChoices":1,"nutritionalInfo":null,"numberOfServings":null}},{"id":"375","modifier":{"id":"11413167326","name":"Currysaus","additionPrice":1,"removePrice":0,"defaultChoices":0,"minChoices":0,"maxChoices":1,"nutritionalInfo":null,"numberOfServings":null}},{"id":"376","modifier":{"id":"11413167336","name":"Ja, met patat erop","additionPrice":1,"removePrice":0,"defaultChoices":0,"minChoices":0,"maxChoices":1,"nutritionalInfo":null,"numberOfServings":null}},{"id":"377","modifier":{"id":"11413485316","name":"Met kaas","additionPrice":1,"removePrice":0,"defaultChoices":0,"minChoices":0,"maxChoices":1,"nutritionalInfo":null,"numberOfServings":null}},{"id":"378","modifier":{"id":"11695697466","name":"Coca-Cola 33cl","additionPrice":2.35,"removePrice":0,"defaultChoices":0,"minChoices":0,"maxChoices":1,"nutritionalInfo":null,"numberOfServings":null,"initialProductInformation":{"deposit":{"value":0.15,"type":"exclusive"}}}},{"id":"379","modifier":{"id":"11695697476","name":"Coca-Cola light 33cl","additionPrice":2.35,"removePrice":0,"defaultChoices":0,"minChoices":0,"maxChoices":1,"nutritionalInfo":null,"numberOfServings":null,"initialProductInformation":{"deposit":{"value":0.15,"type":"exclusive"}}}},{"id":"380","modifier":{"id":"11695697486","name":"Coca-Cola zero sugar 33cl","additionPrice":2.35,"removePrice":0,"defaultChoices":0,"minChoices":0,"maxChoices":1,"nutritionalInfo":null,"numberOfServings":null,"initialProductInformation":{"deposit":{"value":0.15,"type":"exclusive"}}}},{"id":"381","modifier":{"id":"11695697496","name":"Fanta orange 33cl","additionPrice":2.35,"removePrice":0,"defaultChoices":0,"minChoices":0,"maxChoices":1,"nutritionalInfo":null,"numberOfServings":null,"initialProductInformation":{"deposit":{"value":0.15,"type":"exclusive"}}}},{"id":"382","modifier":{"id":"11695697506","name":"Fanta strawberry \u0026 kiwi 33cl","additionPrice":2.6,"removePrice":0,"defaultChoices":0,"minChoices":0,"maxChoices":1,"nutritionalInfo":null,"numberOfServings":null,"initialProductInformation":{"deposit":{"value":0.15,"type":"exclusive"}}}},{"id":"383","modifier":{"id":"11695697516","name":"Fanta exotic 33cl","additionPrice":2.6,"removePrice":0,"defaultChoices":0,"minChoices":0,"maxChoices":1,"nutritionalInfo":null,"numberOfServings":null,"initialProductInformation":{"deposit":{"value":0.15,"type":"exclusive"}}}},{"id":"384","modifier":{"id":"11695697526","name":"Sprite 33cl","additionPrice":2.35,"removePrice":0,"defaultChoices":0,"minChoices":0,"maxChoices":1,"nutritionalInfo":null,"numberOfServings":null,"initialProductInformation":{"deposit":{"value":0.15,"type":"exclusive"}}}},{"id":"385","modifier":{"id":"11695697726","name":"Lipton ice tea sparkling 33cl","additionPrice":2.35,"removePrice":0,"defaultChoices":0,"minChoices":0,"maxChoices":1,"nutritionalInfo":null,"numberOfServings":null,"initialProductInformation":{"deposit":{"value":0.15,"type":"exclusive"}}}},{"id":"386","modifier":{"id":"11695697736","name":"Lipton ice tea peach 33cl","additionPrice":2.35,"removePrice":0,"defaultChoices":0,"minChoices":0,"maxChoices":1,"nutritionalInfo":null,"numberOfServings":null,"initialProductInformation":{"deposit":{"value":0.15,"type":"exclusive"}}}},{"id":"387","modifier":{"id":"11695697536","name":"Mogu Mogu passievrucht 32cl","additionPrice":2.85,"removePrice":0,"defaultChoices":0,"minChoices":0,"maxChoices":1,"nutritionalInfo":null,"numberOfServings":null,"initialProductInformation":{"deposit":{"value":0.15,"type":"exclusive"}}}},{"id":"388","modifier":{"id":"11695697546","name":"Mogu Mogu aardbei 32cl","additionPrice":2.85,"removePrice":0,"defaultChoices":0,"minChoices":0,"maxChoices":1,"nutritionalInfo":null,"numberOfServings":null,"initialProductInformation":{"deposit":{"value":0.15,"type":"exclusive"}}}},{"id":"389","modifier":{"id":"11695697556","name":"Mogu Mogu mango 32cl","additionPrice":2.85,"removePrice":0,"defaultChoices":0,"minChoices":0,"maxChoices":1,"nutritionalInfo":null,"numberOfServings":null,"initialProductInformation":{"deposit":{"value":0.15,"type":"exclusive"}}}},{"id":"390","modifier":{"id":"11695697566","name":"Fernandes Geel 33cl","additionPrice":2.6,"removePrice":0,"defaultChoices":0,"minChoices":0,"maxChoices":1,"nutritionalInfo":null,"numberOfServings":null,"initialProductInformation":{"deposit":{"value":0.15,"type":"exclusive"}}}},{"id":"391","modifier":{"id":"11695697576","name":"Fernandes Oranje 33cl","additionPrice":2.6,"removePrice":0,"defaultChoices":0,"minChoices":0,"maxChoices":1,"nutritionalInfo":null,"numberOfServings":null,"initialProductInformation":{"deposit":{"value":0.15,"type":"exclusive"}}}},{"id":"392","modifier":{"id":"11695697586","name":"Fernandes Blauw 33cl","additionPrice":2.6,"removePrice":0,"defaultChoices":0,"minChoices":0,"maxChoices":1,"nutritionalInfo":null,"numberOfServings":null,"initialProductInformation":{"deposit":{"value":0.15,"type":"exclusive"}}}},{"id":"393","modifier":{"id":"11695697596","name":"Fernandes Rood 33cl","additionPrice":2.6,"removePrice":0,"defaultChoices":0,"minChoices":0,"maxChoices":1,"nutritionalInfo":null,"numberOfServings":null,"initialProductInformation":{"deposit":{"value":0.15,"type":"exclusive"}}}},{"id":"394","modifier":{"id":"11695697606","name":"Fernandes Groen 33cl","additionPrice":2.6,"removePrice":0,"defaultChoices":0,"minChoices":0,"maxChoices":1,"nutritionalInfo":null,"numberOfServings":null,"initialProductInformation":{"deposit":{"value":0.15,"type":"exclusive"}}}},{"id":"395","modifier":{"id":"11695697616","name":"Oasis 33cl","additionPrice":2.85,"removePrice":0,"defaultChoices":0,"minChoices":0,"maxChoices":1,"nutritionalInfo":null,"numberOfServings":null,"initialProductInformation":{"deposit":{"value":0.15,"type":"exclusive"}}}},{"id":"396","modifier":{"id":"11695697686","name":"Hawaii 25cl","additionPrice":2.6,"removePrice":0,"defaultChoices":0,"minChoices":0,"maxChoices":1,"nutritionalInfo":null,"numberOfServings":null,"initialProductInformation":{"deposit":{"value":0.15,"type":"exclusive"}}}},{"id":"397","modifier":{"id":"11695697696","name":"Poms 25cl","additionPrice":2.6,"removePrice":0,"defaultChoices":0,"minChoices":0,"maxChoices":1,"nutritionalInfo":null,"numberOfServings":null,"initialProductInformation":{"deposit":{"value":0.15,"type":"exclusive"}}}},{"id":"398","modifier":{"id":"11695697646","name":"Spa blauw 33cl","additionPrice":2.35,"removePrice":0,"defaultChoices":0,"minChoices":0,"maxChoices":1,"nutritionalInfo":null,"numberOfServings":null,"initialProductInformation":{"deposit":{"value":0.15,"type":"exclusive"}}}},{"id":"399","modifier":{"id":"11695697656","name":"Fristi 25cl","additionPrice":2.6,"removePrice":0,"defaultChoices":0,"minChoices":0,"maxChoices":1,"nutritionalInfo":null,"numberOfServings":null,"initialProductInformation":{"deposit":{"value":0.15,"type":"exclusive"}}}},{"id":"400","modifier":{"id":"11695697676","name":"Chocomel 25cl","additionPrice":2.6,"removePrice":0,"defaultChoices":0,"minChoices":0,"maxChoices":1,"nutritionalInfo":null,"numberOfServings":null,"initialProductInformation":{"deposit":{"value":0.15,"type":"exclusive"}}}},{"id":"401","modifier":{"id":"11695697666","name":"Ayran","additionPrice":2,"removePrice":0,"defaultChoices":0,"minChoices":0,"maxChoices":1,"nutritionalInfo":null,"numberOfServings":null}},{"id":"402","modifier":{"id":"11695697706","name":"Cream Soda 33cl","additionPrice":2.85,"removePrice":0,"defaultChoices":0,"minChoices":0,"maxChoices":1,"nutritionalInfo":null,"numberOfServings":null,"initialProductInformation":{"deposit":{"value":0.15,"type":"exclusive"}}}},{"id":"403","modifier":{"id":"11695697626","name":"AA Drink 33cl","additionPrice":2.6,"removePrice":0,"defaultChoices":0,"minChoices":0,"maxChoices":1,"nutritionalInfo":null,"numberOfServings":null,"initialProductInformation":{"deposit":{"value":0.15,"type":"exclusive"}}}},{"id":"404","modifier":{"id":"11695697636","name":"Red Bull Energy Drink 25cl","additionPrice":3,"removePrice":0,"defaultChoices":0,"minChoices":0,"maxChoices":1,"nutritionalInfo":null,"numberOfServings":null,"initialProductInformation":{"deposit":{"value":0.15,"type":"exclusive"}}}},{"id":"405","modifier":{"id":"11695697716","name":"Slammers Energy 25cl","additionPrice":2.35,"removePrice":0,"defaultChoices":0,"minChoices":0,"maxChoices":1,"nutritionalInfo":null,"numberOfServings":null,"initialProductInformation":{"deposit":{"value":0.15,"type":"exclusive"}}}},{"id":"406","modifier":{"id":"923354010","name":"Patat","additionPrice":0,"removePrice":0,"defaultChoices":0,"minChoices":0,"maxChoices":1,"nutritionalInfo":null,"numberOfServings":null}},{"id":"407","modifier":{"id":"923354020","name":"Rijst","additionPrice":1,"removePrice":0,"defaultChoices":0,"minChoices":0,"maxChoices":1,"nutritionalInfo":null,"numberOfServings":null}},{"id":"408","modifier":{"id":"923354030","name":"Sla","additionPrice":0,"removePrice":0,"defaultChoices":0,"minChoices":0,"maxChoices":1,"nutritionalInfo":null,"numberOfServings":null}},{"id":"409","modifier":{"id":"923354040","name":"Komkommer","additionPrice":0,"removePrice":0,"defaultChoices":0,"minChoices":0,"maxChoices":1,"nutritionalInfo":null,"numberOfServings":null}},{"id":"410","modifier":{"id":"923354050","name":"Tomaat","additionPrice":0,"removePrice":0,"defaultChoices":0,"minChoices":0,"maxChoices":1,"nutritionalInfo":null,"numberOfServings":null}},{"id":"411","modifier":{"id":"923354060","name":"Ui","additionPrice":0,"removePrice":0,"defaultChoices":0,"minChoices":0,"maxChoices":1,"nutritionalInfo":null,"numberOfServings":null}},{"id":"412","modifier":{"id":"923354070","name":"Wortelmix","additionPrice":0,"removePrice":0,"defaultChoices":0,"minChoices":0,"maxChoices":1,"nutritionalInfo":null,"numberOfServings":null}},{"id":"413","modifier":{"id":"1524280188","name":"Geen saus","additionPrice":0,"removePrice":0,"defaultChoices":0,"minChoices":0,"maxChoices":1,"nutritionalInfo":null,"numberOfServings":null}},{"id":"414","modifier":{"id":"923354080","name":"Knoflooksaus en sambal","additionPrice":0,"removePrice":0,"defaultChoices":0,"minChoices":0,"maxChoices":1,"nutritionalInfo":null,"numberOfServings":null}},{"id":"415","modifier":{"id":"923354090","name":"Knoflooksaus","additionPrice":0,"removePrice":0,"defaultChoices":0,"minChoices":0,"maxChoices":1,"nutritionalInfo":null,"numberOfServings":null}},{"id":"416","modifier":{"id":"923354100","name":"Sambal","additionPrice":0,"removePrice":0,"defaultChoices":0,"minChoices":0,"maxChoices":1,"nutritionalInfo":null,"numberOfServings":null}},{"id":"417","modifier":{"id":"923354110","name":"Andalouse","additionPrice":0,"removePrice":0,"defaultChoices":0,"minChoices":0,"maxChoices":1,"nutritionalInfo":null,"numberOfServings":null}},{"id":"418","modifier":{"id":"923354120","name":"Chilisaus","additionPrice":0,"removePrice":0,"defaultChoices":0,"minChoices":0,"maxChoices":1,"nutritionalInfo":null,"numberOfServings":null}},{"id":"419","modifier":{"id":"923354130","name":"Mayonaise","additionPrice":0,"removePrice":0,"defaultChoices":0,"minChoices":0,"maxChoices":1,"nutritionalInfo":null,"numberOfServings":null}},{"id":"420","modifier":{"id":"923354140","name":"Ketchup","additionPrice":0,"removePrice":0,"defaultChoices":0,"minChoices":0,"maxChoices":1,"nutritionalInfo":null,"numberOfServings":null}},{"id":"421","modifier":{"id":"923354150","name":"Currysaus","additionPrice":0,"removePrice":0,"defaultChoices":0,"minChoices":0,"maxChoices":1,"nutritionalInfo":null,"numberOfServings":null}},{"id":"422","modifier":{"id":"923354160","name":"Knoflooksaus en sambal","additionPrice":1.5,"removePrice":0,"defaultChoices":0,"minChoices":0,"maxChoices":1,"nutritionalInfo":null,"numberOfServings":null}},{"id":"423","modifier":{"id":"923354170","name":"Knoflooksaus","additionPrice":1,"removePrice":0,"defaultChoices":0,"minChoices":0,"maxChoices":1,"nutritionalInfo":null,"numberOfServings":null}},{"id":"424","modifier":{"id":"923354180","name":"Sambal","additionPrice":1,"removePrice":0,"defaultChoices":0,"minChoices":0,"maxChoices":1,"nutritionalInfo":null,"numberOfServings":null}},{"id":"425","modifier":{"id":"923354190","name":"Andalouse","additionPrice":1,"removePrice":0,"defaultChoices":0,"minChoices":0,"maxChoices":1,"nutritionalInfo":null,"numberOfServings":null}},{"id":"426","modifier":{"id":"923354200","name":"Chilisaus","additionPrice":1,"removePrice":0,"defaultChoices":0,"minChoices":0,"maxChoices":1,"nutritionalInfo":null,"numberOfServings":null}},{"id":"427","modifier":{"id":"923354210","name":"Mayonaise","additionPrice":1,"removePrice":0,"defaultChoices":0,"minChoices":0,"maxChoices":1,"nutritionalInfo":null,"numberOfServings":null}},{"id":"428","modifier":{"id":"923354220","name":"Ketchup","additionPrice":1,"removePrice":0,"defaultChoices":0,"minChoices":0,"maxChoices":1,"nutritionalInfo":null,"numberOfServings":null}},{"id":"429","modifier":{"id":"923354230","name":"Currysaus","additionPrice":1,"removePrice":0,"defaultChoices":0,"minChoices":0,"maxChoices":1,"nutritionalInfo":null,"numberOfServings":null}},{"id":"430","modifier":{"id":"11695705706","name":"Coca-Cola 33cl","additionPrice":2.35,"removePrice":0,"defaultChoices":0,"minChoices":0,"maxChoices":1,"nutritionalInfo":null,"numberOfServings":null,"initialProductInformation":{"deposit":{"value":0.15,"type":"exclusive"}}}},{"id":"431","modifier":{"id":"11695705716","name":"Coca-Cola light 33cl","additionPrice":2,"removePrice":0,"defaultChoices":0,"minChoices":0,"maxChoices":1,"nutritionalInfo":null,"numberOfServings":null,"initialProductInformation":{"deposit":{"value":0.15,"type":"exclusive"}}}},{"id":"432","modifier":{"id":"11695705726","name":"Coca-Cola zero sugar 33cl","additionPrice":2.35,"removePrice":0,"defaultChoices":0,"minChoices":0,"maxChoices":1,"nutritionalInfo":null,"numberOfServings":null,"initialProductInformation":{"deposit":{"value":0.15,"type":"exclusive"}}}},{"id":"433","modifier":{"id":"11695705736","name":"Fanta orange 33cl","additionPrice":2.35,"removePrice":0,"defaultChoices":0,"minChoices":0,"maxChoices":1,"nutritionalInfo":null,"numberOfServings":null,"initialProductInformation":{"deposit":{"value":0.15,"type":"exclusive"}}}},{"id":"434","modifier":{"id":"11695705746","name":"Fanta strawberry \u0026 kiwi 33cl","additionPrice":2.6,"removePrice":0,"defaultChoices":0,"minChoices":0,"maxChoices":1,"nutritionalInfo":null,"numberOfServings":null,"initialProductInformation":{"deposit":{"value":0.15,"type":"exclusive"}}}},{"id":"435","modifier":{"id":"11695705756","name":"Fanta exotic 33cl","additionPrice":2.6,"removePrice":0,"defaultChoices":0,"minChoices":0,"maxChoices":1,"nutritionalInfo":null,"numberOfServings":null,"initialProductInformation":{"deposit":{"value":0.15,"type":"exclusive"}}}},{"id":"436","modifier":{"id":"11695705766","name":"Sprite 33cl","additionPrice":2.35,"removePrice":0,"defaultChoices":0,"minChoices":0,"maxChoices":1,"nutritionalInfo":null,"numberOfServings":null,"initialProductInformation":{"deposit":{"value":0.15,"type":"exclusive"}}}},{"id":"437","modifier":{"id":"11695705966","name":"Lipton ice tea sparkling 33cl","additionPrice":2.35,"removePrice":0,"defaultChoices":0,"minChoices":0,"maxChoices":1,"nutritionalInfo":null,"numberOfServings":null,"initialProductInformation":{"deposit":{"value":0.15,"type":"exclusive"}}}},{"id":"438","modifier":{"id":"11695705976","name":"Lipton ice tea peach 33cl","additionPrice":2.35,"removePrice":0,"defaultChoices":0,"minChoices":0,"maxChoices":1,"nutritionalInfo":null,"numberOfServings":null,"initialProductInformation":{"deposit":{"value":0.15,"type":"exclusive"}}}},{"id":"439","modifier":{"id":"11695705776","name":"Mogu Mogu passievrucht 32cl","additionPrice":2.85,"removePrice":0,"defaultChoices":0,"minChoices":0,"maxChoices":1,"nutritionalInfo":null,"numberOfServings":null,"initialProductInformation":{"deposit":{"value":0.15,"type":"exclusive"}}}},{"id":"440","modifier":{"id":"11695705786","name":"Mogu Mogu aardbei 32cl","additionPrice":2.85,"removePrice":0,"defaultChoices":0,"minChoices":0,"maxChoices":1,"nutritionalInfo":null,"numberOfServings":null,"initialProductInformation":{"deposit":{"value":0.15,"type":"exclusive"}}}},{"id":"441","modifier":{"id":"11695705796","name":"Mogu Mogu mango 32cl","additionPrice":2.85,"removePrice":0,"defaultChoices":0,"minChoices":0,"maxChoices":1,"nutritionalInfo":null,"numberOfServings":null,"initialProductInformation":{"deposit":{"value":0.15,"type":"exclusive"}}}},{"id":"442","modifier":{"id":"11695705806","name":"Fernandes Geel 33cl","additionPrice":2.6,"removePrice":0,"defaultChoices":0,"minChoices":0,"maxChoices":1,"nutritionalInfo":null,"numberOfServings":null,"initialProductInformation":{"deposit":{"value":0.15,"type":"exclusive"}}}},{"id":"443","modifier":{"id":"11695705816","name":"Fernandes Oranje 33cl","additionPrice":2.6,"removePrice":0,"defaultChoices":0,"minChoices":0,"maxChoices":1,"nutritionalInfo":null,"numberOfServings":null,"initialProductInformation":{"deposit":{"value":0.15,"type":"exclusive"}}}},{"id":"444","modifier":{"id":"11695705826","name":"Fernandes Blauw 33cl","additionPrice":2.6,"removePrice":0,"defaultChoices":0,"minChoices":0,"maxChoices":1,"nutritionalInfo":null,"numberOfServings":null,"initialProductInformation":{"deposit":{"value":0.15,"type":"exclusive"}}}},{"id":"445","modifier":{"id":"11695705836","name":"Fernandes Rood 33cl","additionPrice":2.6,"removePrice":0,"defaultChoices":0,"minChoices":0,"maxChoices":1,"nutritionalInfo":null,"numberOfServings":null,"initialProductInformation":{"deposit":{"value":0.15,"type":"exclusive"}}}},{"id":"446","modifier":{"id":"11695705846","name":"Fernandes Groen 33cl","additionPrice":2.6,"removePrice":0,"defaultChoices":0,"minChoices":0,"maxChoices":1,"nutritionalInfo":null,"numberOfServings":null,"initialProductInformation":{"deposit":{"value":0.15,"type":"exclusive"}}}},{"id":"447","modifier":{"id":"11695705856","name":"Oasis 33cl","additionPrice":2.85,"removePrice":0,"defaultChoices":0,"minChoices":0,"maxChoices":1,"nutritionalInfo":null,"numberOfServings":null,"initialProductInformation":{"deposit":{"value":0.15,"type":"exclusive"}}}},{"id":"448","modifier":{"id":"11695705926","name":"Hawaii 25cl","additionPrice":2.6,"removePrice":0,"defaultChoices":0,"minChoices":0,"maxChoices":1,"nutritionalInfo":null,"numberOfServings":null,"initialProductInformation":{"deposit":{"value":0.15,"type":"exclusive"}}}},{"id":"449","modifier":{"id":"11695705936","name":"Poms 25cl","additionPrice":2.6,"removePrice":0,"defaultChoices":0,"minChoices":0,"maxChoices":1,"nutritionalInfo":null,"numberOfServings":null,"initialProductInformation":{"deposit":{"value":0.15,"type":"exclusive"}}}},{"id":"450","modifier":{"id":"11695705886","name":"Spa blauw 33cl","additionPrice":2.35,"removePrice":0,"defaultChoices":0,"minChoices":0,"maxChoices":1,"nutritionalInfo":null,"numberOfServings":null,"initialProductInformation":{"deposit":{"value":0.15,"type":"exclusive"}}}},{"id":"451","modifier":{"id":"11695705896","name":"Fristi 25cl","additionPrice":2.6,"removePrice":0,"defaultChoices":0,"minChoices":0,"maxChoices":1,"nutritionalInfo":null,"numberOfServings":null,"initialProductInformation":{"deposit":{"value":0.15,"type":"exclusive"}}}},{"id":"452","modifier":{"id":"11695705916","name":"Chocomel 25cl","additionPrice":2.6,"removePrice":0,"defaultChoices":0,"minChoices":0,"maxChoices":1,"nutritionalInfo":null,"numberOfServings":null,"initialProductInformation":{"deposit":{"value":0.15,"type":"exclusive"}}}},{"id":"453","modifier":{"id":"11695705906","name":"Ayran","additionPrice":2,"removePrice":0,"defaultChoices":0,"minChoices":0,"maxChoices":1,"nutritionalInfo":null,"numberOfServings":null}},{"id":"454","modifier":{"id":"11695705946","name":"Cream Soda 33cl","additionPrice":2.85,"removePrice":0,"defaultChoices":0,"minChoices":0,"maxChoices":1,"nutritionalInfo":null,"numberOfServings":null,"initialProductInformation":{"deposit":{"value":0.15,"type":"exclusive"}}}},{"id":"455","modifier":{"id":"11695705866","name":"AA Drink 33cl","additionPrice":2.6,"removePrice":0,"defaultChoices":0,"minChoices":0,"maxChoices":1,"nutritionalInfo":null,"numberOfServings":null,"initialProductInformation":{"deposit":{"value":0.15,"type":"exclusive"}}}},{"id":"456","modifier":{"id":"11695705876","name":"Red Bull Energy Drink 25cl","additionPrice":3,"removePrice":0,"defaultChoices":0,"minChoices":0,"maxChoices":1,"nutritionalInfo":null,"numberOfServings":null,"initialProductInformation":{"deposit":{"value":0.15,"type":"exclusive"}}}},{"id":"457","modifier":{"id":"11695705956","name":"Slammers Energy 25cl","additionPrice":2.35,"removePrice":0,"defaultChoices":0,"minChoices":0,"maxChoices":1,"nutritionalInfo":null,"numberOfServings":null,"initialProductInformation":{"deposit":{"value":0.15,"type":"exclusive"}}}},{"id":"458","modifier":{"id":"4024319648","name":"Klein","additionPrice":0,"removePrice":0,"defaultChoices":0,"minChoices":0,"maxChoices":1,"nutritionalInfo":null,"numberOfServings":null}},{"id":"459","modifier":{"id":"4024319668","name":"Medium","additionPrice":2,"removePrice":0,"defaultChoices":0,"minChoices":0,"maxChoices":1,"nutritionalInfo":null,"numberOfServings":null}},{"id":"460","modifier":{"id":"4024319688","name":"Groot","additionPrice":4,"removePrice":0,"defaultChoices":0,"minChoices":0,"maxChoices":1,"nutritionalInfo":null,"numberOfServings":null}},{"id":"461","modifier":{"id":"1524300988","name":"Knoflooksaus en sambal","additionPrice":1.5,"removePrice":0,"defaultChoices":0,"minChoices":0,"maxChoices":1,"nutritionalInfo":null,"numberOfServings":null}},{"id":"462","modifier":{"id":"1524300998","name":"Knoflooksaus","additionPrice":1,"removePrice":0,"defaultChoices":0,"minChoices":0,"maxChoices":1,"nutritionalInfo":null,"numberOfServings":null}},{"id":"463","modifier":{"id":"1524301008","name":"Sambal","additionPrice":1,"removePrice":0,"defaultChoices":0,"minChoices":0,"maxChoices":1,"nutritionalInfo":null,"numberOfServings":null}},{"id":"464","modifier":{"id":"1524301018","name":"Andalouse","additionPrice":1,"removePrice":0,"defaultChoices":0,"minChoices":0,"maxChoices":1,"nutritionalInfo":null,"numberOfServings":null}},{"id":"465","modifier":{"id":"1524301028","name":"Chilisaus","additionPrice":1,"removePrice":0,"defaultChoices":0,"minChoices":0,"maxChoices":1,"nutritionalInfo":null,"numberOfServings":null}},{"id":"466","modifier":{"id":"1524301038","name":"Mayonaise","additionPrice":1,"removePrice":0,"defaultChoices":0,"minChoices":0,"maxChoices":1,"nutritionalInfo":null,"numberOfServings":null}},{"id":"467","modifier":{"id":"1524301048","name":"Ketchup","additionPrice":1,"removePrice":0,"defaultChoices":0,"minChoices":0,"maxChoices":1,"nutritionalInfo":null,"numberOfServings":null}},{"id":"468","modifier":{"id":"1524301058","name":"Currysaus","additionPrice":1,"removePrice":0,"defaultChoices":0,"minChoices":0,"maxChoices":1,"nutritionalInfo":null,"numberOfServings":null}},{"id":"469","modifier":{"id":"11695708446","name":"Coca-Cola 33cl","additionPrice":2.35,"removePrice":0,"defaultChoices":0,"minChoices":0,"maxChoices":1,"nutritionalInfo":null,"numberOfServings":null,"initialProductInformation":{"deposit":{"value":0.15,"type":"exclusive"}}}},{"id":"470","modifier":{"id":"11695708456","name":"Coca-Cola light 33cl","additionPrice":2,"removePrice":0,"defaultChoices":0,"minChoices":0,"maxChoices":1,"nutritionalInfo":null,"numberOfServings":null,"initialProductInformation":{"deposit":{"value":0.15,"type":"exclusive"}}}},{"id":"471","modifier":{"id":"11695708466","name":"Coca-Cola zero sugar 33cl","additionPrice":2.35,"removePrice":0,"defaultChoices":0,"minChoices":0,"maxChoices":1,"nutritionalInfo":null,"numberOfServings":null,"initialProductInformation":{"deposit":{"value":0.15,"type":"exclusive"}}}},{"id":"472","modifier":{"id":"11695708476","name":"Fanta orange 33cl","additionPrice":2.35,"removePrice":0,"defaultChoices":0,"minChoices":0,"maxChoices":1,"nutritionalInfo":null,"numberOfServings":null,"initialProductInformation":{"deposit":{"value":0.15,"type":"exclusive"}}}},{"id":"473","modifier":{"id":"11695708486","name":"Fanta strawberry \u0026 kiwi 33cl","additionPrice":2.6,"removePrice":0,"defaultChoices":0,"minChoices":0,"maxChoices":1,"nutritionalInfo":null,"numberOfServings":null,"initialProductInformation":{"deposit":{"value":0.15,"type":"exclusive"}}}},{"id":"474","modifier":{"id":"11695708496","name":"Fanta exotic 33cl","additionPrice":2.6,"removePrice":0,"defaultChoices":0,"minChoices":0,"maxChoices":1,"nutritionalInfo":null,"numberOfServings":null,"initialProductInformation":{"deposit":{"value":0.15,"type":"exclusive"}}}},{"id":"475","modifier":{"id":"11695708506","name":"Sprite 33cl","additionPrice":2.35,"removePrice":0,"defaultChoices":0,"minChoices":0,"maxChoices":1,"nutritionalInfo":null,"numberOfServings":null,"initialProductInformation":{"deposit":{"value":0.15,"type":"exclusive"}}}},{"id":"476","modifier":{"id":"11695708706","name":"Lipton ice tea sparkling 33cl","additionPrice":2.35,"removePrice":0,"defaultChoices":0,"minChoices":0,"maxChoices":1,"nutritionalInfo":null,"numberOfServings":null,"initialProductInformation":{"deposit":{"value":0.15,"type":"exclusive"}}}},{"id":"477","modifier":{"id":"11695708716","name":"Lipton ice tea peach 33cl","additionPrice":2.35,"removePrice":0,"defaultChoices":0,"minChoices":0,"maxChoices":1,"nutritionalInfo":null,"numberOfServings":null,"initialProductInformation":{"deposit":{"value":0.15,"type":"exclusive"}}}},{"id":"478","modifier":{"id":"11695708516","name":"Mogu Mogu passievrucht 32cl","additionPrice":2.85,"removePrice":0,"defaultChoices":0,"minChoices":0,"maxChoices":1,"nutritionalInfo":null,"numberOfServings":null,"initialProductInformation":{"deposit":{"value":0.15,"type":"exclusive"}}}},{"id":"479","modifier":{"id":"11695708526","name":"Mogu Mogu aardbei 32cl","additionPrice":2.85,"removePrice":0,"defaultChoices":0,"minChoices":0,"maxChoices":1,"nutritionalInfo":null,"numberOfServings":null,"initialProductInformation":{"deposit":{"value":0.15,"type":"exclusive"}}}},{"id":"480","modifier":{"id":"11695708536","name":"Mogu Mogu mango 32cl","additionPrice":2.85,"removePrice":0,"defaultChoices":0,"minChoices":0,"maxChoices":1,"nutritionalInfo":null,"numberOfServings":null,"initialProductInformation":{"deposit":{"value":0.15,"type":"exclusive"}}}},{"id":"481","modifier":{"id":"11695708546","name":"Fernandes Geel 33cl","additionPrice":2.6,"removePrice":0,"defaultChoices":0,"minChoices":0,"maxChoices":1,"nutritionalInfo":null,"numberOfServings":null,"initialProductInformation":{"deposit":{"value":0.15,"type":"exclusive"}}}},{"id":"482","modifier":{"id":"11695708556","name":"Fernandes Oranje 33cl","additionPrice":2.6,"removePrice":0,"defaultChoices":0,"minChoices":0,"maxChoices":1,"nutritionalInfo":null,"numberOfServings":null,"initialProductInformation":{"deposit":{"value":0.15,"type":"exclusive"}}}},{"id":"483","modifier":{"id":"11695708566","name":"Fernandes Blauw 33cl","additionPrice":2.6,"removePrice":0,"defaultChoices":0,"minChoices":0,"maxChoices":1,"nutritionalInfo":null,"numberOfServings":null,"initialProductInformation":{"deposit":{"value":0.15,"type":"exclusive"}}}},{"id":"484","modifier":{"id":"11695708576","name":"Fernandes Rood 33cl","additionPrice":2.6,"removePrice":0,"defaultChoices":0,"minChoices":0,"maxChoices":1,"nutritionalInfo":null,"numberOfServings":null,"initialProductInformation":{"deposit":{"value":0.15,"type":"exclusive"}}}},{"id":"485","modifier":{"id":"11695708586","name":"Fernandes Groen 33cl","additionPrice":2.6,"removePrice":0,"defaultChoices":0,"minChoices":0,"maxChoices":1,"nutritionalInfo":null,"numberOfServings":null,"initialProductInformation":{"deposit":{"value":0.15,"type":"exclusive"}}}},{"id":"486","modifier":{"id":"11695708596","name":"Oasis 33cl","additionPrice":2.85,"removePrice":0,"defaultChoices":0,"minChoices":0,"maxChoices":1,"nutritionalInfo":null,"numberOfServings":null,"initialProductInformation":{"deposit":{"value":0.15,"type":"exclusive"}}}},{"id":"487","modifier":{"id":"11695708666","name":"Hawaii 25cl","additionPrice":2.6,"removePrice":0,"defaultChoices":0,"minChoices":0,"maxChoices":1,"nutritionalInfo":null,"numberOfServings":null,"initialProductInformation":{"deposit":{"value":0.15,"type":"exclusive"}}}},{"id":"488","modifier":{"id":"11695708676","name":"Poms 25cl","additionPrice":2.6,"removePrice":0,"defaultChoices":0,"minChoices":0,"maxChoices":1,"nutritionalInfo":null,"numberOfServings":null,"initialProductInformation":{"deposit":{"value":0.15,"type":"exclusive"}}}},{"id":"489","modifier":{"id":"11695708626","name":"Spa blauw 33cl","additionPrice":2.35,"removePrice":0,"defaultChoices":0,"minChoices":0,"maxChoices":1,"nutritionalInfo":null,"numberOfServings":null,"initialProductInformation":{"deposit":{"value":0.15,"type":"exclusive"}}}},{"id":"490","modifier":{"id":"11695708636","name":"Fristi 25cl","additionPrice":2.6,"removePrice":0,"defaultChoices":0,"minChoices":0,"maxChoices":1,"nutritionalInfo":null,"numberOfServings":null,"initialProductInformation":{"deposit":{"value":0.15,"type":"exclusive"}}}},{"id":"491","modifier":{"id":"11695708656","name":"Chocomel 25cl","additionPrice":2.6,"removePrice":0,"defaultChoices":0,"minChoices":0,"maxChoices":1,"nutritionalInfo":null,"numberOfServings":null,"initialProductInformation":{"deposit":{"value":0.15,"type":"exclusive"}}}},{"id":"492","modifier":{"id":"11695708646","name":"Ayran","additionPrice":2,"removePrice":0,"defaultChoices":0,"minChoices":0,"maxChoices":1,"nutritionalInfo":null,"numberOfServings":null}},{"id":"493","modifier":{"id":"11695708686","name":"Cream Soda 33cl","additionPrice":2.85,"removePrice":0,"defaultChoices":0,"minChoices":0,"maxChoices":1,"nutritionalInfo":null,"numberOfServings":null,"initialProductInformation":{"deposit":{"value":0.15,"type":"exclusive"}}}},{"id":"494","modifier":{"id":"11695708606","name":"AA Drink 33cl","additionPrice":2.6,"removePrice":0,"defaultChoices":0,"minChoices":0,"maxChoices":1,"nutritionalInfo":null,"numberOfServings":null,"initialProductInformation":{"deposit":{"value":0.15,"type":"exclusive"}}}},{"id":"495","modifier":{"id":"11695708616","name":"Red Bull Energy Drink 25cl","additionPrice":3,"removePrice":0,"defaultChoices":0,"minChoices":0,"maxChoices":1,"nutritionalInfo":null,"numberOfServings":null,"initialProductInformation":{"deposit":{"value":0.15,"type":"exclusive"}}}},{"id":"496","modifier":{"id":"11695708696","name":"Slammers Energy 25cl","additionPrice":2.35,"removePrice":0,"defaultChoices":0,"minChoices":0,"maxChoices":1,"nutritionalInfo":null,"numberOfServings":null,"initialProductInformation":{"deposit":{"value":0.15,"type":"exclusive"}}}},{"id":"497","modifier":{"id":"4024320668","name":"Klein","additionPrice":0,"removePrice":0,"defaultChoices":0,"minChoices":0,"maxChoices":1,"nutritionalInfo":null,"numberOfServings":null}},{"id":"498","modifier":{"id":"4024320678","name":"Medium","additionPrice":2.5,"removePrice":0,"defaultChoices":0,"minChoices":0,"maxChoices":1,"nutritionalInfo":null,"numberOfServings":null}},{"id":"499","modifier":{"id":"4024320688","name":"Groot","additionPrice":4.5,"removePrice":0,"defaultChoices":0,"minChoices":0,"maxChoices":1,"nutritionalInfo":null,"numberOfServings":null}},{"id":"500","modifier":{"id":"4024320698","name":"Knoflooksaus en sambal","additionPrice":1.5,"removePrice":0,"defaultChoices":0,"minChoices":0,"maxChoices":1,"nutritionalInfo":null,"numberOfServings":null}},{"id":"501","modifier":{"id":"4024320708","name":"Knoflooksaus","additionPrice":1,"removePrice":0,"defaultChoices":0,"minChoices":0,"maxChoices":1,"nutritionalInfo":null,"numberOfServings":null}},{"id":"502","modifier":{"id":"4024320718","name":"Sambal","additionPrice":1,"removePrice":0,"defaultChoices":0,"minChoices":0,"maxChoices":1,"nutritionalInfo":null,"numberOfServings":null}},{"id":"503","modifier":{"id":"4024320728","name":"Andalouse","additionPrice":1,"removePrice":0,"defaultChoices":0,"minChoices":0,"maxChoices":1,"nutritionalInfo":null,"numberOfServings":null}},{"id":"504","modifier":{"id":"4024320738","name":"Chilisaus","additionPrice":1,"removePrice":0,"defaultChoices":0,"minChoices":0,"maxChoices":1,"nutritionalInfo":null,"numberOfServings":null}},{"id":"505","modifier":{"id":"4024320748","name":"Mayonaise","additionPrice":1,"removePrice":0,"defaultChoices":0,"minChoices":0,"maxChoices":1,"nutritionalInfo":null,"numberOfServings":null}},{"id":"506","modifier":{"id":"4024320758","name":"Ketchup","additionPrice":1,"removePrice":0,"defaultChoices":0,"minChoices":0,"maxChoices":1,"nutritionalInfo":null,"numberOfServings":null}},{"id":"507","modifier":{"id":"4024320768","name":"Currysaus","additionPrice":1,"removePrice":0,"defaultChoices":0,"minChoices":0,"maxChoices":1,"nutritionalInfo":null,"numberOfServings":null}},{"id":"508","modifier":{"id":"11695713436","name":"Coca-Cola 33cl","additionPrice":2.35,"removePrice":0,"defaultChoices":0,"minChoices":0,"maxChoices":1,"nutritionalInfo":null,"numberOfServings":null,"initialProductInformation":{"deposit":{"value":0.15,"type":"exclusive"}}}},{"id":"509","modifier":{"id":"11695713446","name":"Coca-Cola light 33cl","additionPrice":2,"removePrice":0,"defaultChoices":0,"minChoices":0,"maxChoices":1,"nutritionalInfo":null,"numberOfServings":null,"initialProductInformation":{"deposit":{"value":0.15,"type":"exclusive"}}}},{"id":"510","modifier":{"id":"11695713456","name":"Coca-Cola zero sugar 33cl","additionPrice":2.35,"removePrice":0,"defaultChoices":0,"minChoices":0,"maxChoices":1,"nutritionalInfo":null,"numberOfServings":null,"initialProductInformation":{"deposit":{"value":0.15,"type":"exclusive"}}}},{"id":"511","modifier":{"id":"11695713466","name":"Fanta orange 33cl","additionPrice":2.35,"removePrice":0,"defaultChoices":0,"minChoices":0,"maxChoices":1,"nutritionalInfo":null,"numberOfServings":null,"initialProductInformation":{"deposit":{"value":0.15,"type":"exclusive"}}}},{"id":"512","modifier":{"id":"11695713476","name":"Fanta strawberry \u0026 kiwi 33cl","additionPrice":2.6,"removePrice":0,"defaultChoices":0,"minChoices":0,"maxChoices":1,"nutritionalInfo":null,"numberOfServings":null,"initialProductInformation":{"deposit":{"value":0.15,"type":"exclusive"}}}},{"id":"513","modifier":{"id":"11695713486","name":"Fanta exotic 33cl","additionPrice":2.6,"removePrice":0,"defaultChoices":0,"minChoices":0,"maxChoices":1,"nutritionalInfo":null,"numberOfServings":null,"initialProductInformation":{"deposit":{"value":0.15,"type":"exclusive"}}}},{"id":"514","modifier":{"id":"11695713496","name":"Sprite 33cl","additionPrice":2.35,"removePrice":0,"defaultChoices":0,"minChoices":0,"maxChoices":1,"nutritionalInfo":null,"numberOfServings":null,"initialProductInformation":{"deposit":{"value":0.15,"type":"exclusive"}}}},{"id":"515","modifier":{"id":"11695713696","name":"Lipton ice tea sparkling 33cl","additionPrice":2.35,"removePrice":0,"defaultChoices":0,"minChoices":0,"maxChoices":1,"nutritionalInfo":null,"numberOfServings":null,"initialProductInformation":{"deposit":{"value":0.15,"type":"exclusive"}}}},{"id":"516","modifier":{"id":"11695713706","name":"Lipton ice tea peach 33cl","additionPrice":2.35,"removePrice":0,"defaultChoices":0,"minChoices":0,"maxChoices":1,"nutritionalInfo":null,"numberOfServings":null,"initialProductInformation":{"deposit":{"value":0.15,"type":"exclusive"}}}},{"id":"517","modifier":{"id":"11695713506","name":"Mogu Mogu passievrucht 32cl","additionPrice":2.85,"removePrice":0,"defaultChoices":0,"minChoices":0,"maxChoices":1,"nutritionalInfo":null,"numberOfServings":null,"initialProductInformation":{"deposit":{"value":0.15,"type":"exclusive"}}}},{"id":"518","modifier":{"id":"11695713516","name":"Mogu Mogu aardbei 32cl","additionPrice":2.85,"removePrice":0,"defaultChoices":0,"minChoices":0,"maxChoices":1,"nutritionalInfo":null,"numberOfServings":null,"initialProductInformation":{"deposit":{"value":0.15,"type":"exclusive"}}}},{"id":"519","modifier":{"id":"11695713526","name":"Mogu Mogu mango 32cl","additionPrice":2.85,"removePrice":0,"defaultChoices":0,"minChoices":0,"maxChoices":1,"nutritionalInfo":null,"numberOfServings":null,"initialProductInformation":{"deposit":{"value":0.15,"type":"exclusive"}}}},{"id":"520","modifier":{"id":"11695713536","name":"Fernandes Geel 33cl","additionPrice":2.6,"removePrice":0,"defaultChoices":0,"minChoices":0,"maxChoices":1,"nutritionalInfo":null,"numberOfServings":null,"initialProductInformation":{"deposit":{"value":0.15,"type":"exclusive"}}}},{"id":"521","modifier":{"id":"11695713546","name":"Fernandes Oranje 33cl","additionPrice":2.6,"removePrice":0,"defaultChoices":0,"minChoices":0,"maxChoices":1,"nutritionalInfo":null,"numberOfServings":null,"initialProductInformation":{"deposit":{"value":0.15,"type":"exclusive"}}}},{"id":"522","modifier":{"id":"11695713556","name":"Fernandes Blauw 33cl","additionPrice":2.6,"removePrice":0,"defaultChoices":0,"minChoices":0,"maxChoices":1,"nutritionalInfo":null,"numberOfServings":null,"initialProductInformation":{"deposit":{"value":0.15,"type":"exclusive"}}}},{"id":"523","modifier":{"id":"11695713566","name":"Fernandes Rood 33cl","additionPrice":2.6,"removePrice":0,"defaultChoices":0,"minChoices":0,"maxChoices":1,"nutritionalInfo":null,"numberOfServings":null,"initialProductInformation":{"deposit":{"value":0.15,"type":"exclusive"}}}},{"id":"524","modifier":{"id":"11695713576","name":"Fernandes Groen 33cl","additionPrice":2.6,"removePrice":0,"defaultChoices":0,"minChoices":0,"maxChoices":1,"nutritionalInfo":null,"numberOfServings":null,"initialProductInformation":{"deposit":{"value":0.15,"type":"exclusive"}}}},{"id":"525","modifier":{"id":"11695713586","name":"Oasis 33cl","additionPrice":2.85,"removePrice":0,"defaultChoices":0,"minChoices":0,"maxChoices":1,"nutritionalInfo":null,"numberOfServings":null,"initialProductInformation":{"deposit":{"value":0.15,"type":"exclusive"}}}},{"id":"526","modifier":{"id":"11695713656","name":"Hawaii 25cl","additionPrice":2.6,"removePrice":0,"defaultChoices":0,"minChoices":0,"maxChoices":1,"nutritionalInfo":null,"numberOfServings":null,"initialProductInformation":{"deposit":{"value":0.15,"type":"exclusive"}}}},{"id":"527","modifier":{"id":"11695713666","name":"Poms 25cl","additionPrice":2.6,"removePrice":0,"defaultChoices":0,"minChoices":0,"maxChoices":1,"nutritionalInfo":null,"numberOfServings":null,"initialProductInformation":{"deposit":{"value":0.15,"type":"exclusive"}}}},{"id":"528","modifier":{"id":"11695713616","name":"Spa blauw 33cl","additionPrice":2.35,"removePrice":0,"defaultChoices":0,"minChoices":0,"maxChoices":1,"nutritionalInfo":null,"numberOfServings":null,"initialProductInformation":{"deposit":{"value":0.15,"type":"exclusive"}}}},{"id":"529","modifier":{"id":"11695713626","name":"Fristi 25cl","additionPrice":2.6,"removePrice":0,"defaultChoices":0,"minChoices":0,"maxChoices":1,"nutritionalInfo":null,"numberOfServings":null,"initialProductInformation":{"deposit":{"value":0.15,"type":"exclusive"}}}},{"id":"530","modifier":{"id":"11695713646","name":"Chocomel 25cl","additionPrice":2.6,"removePrice":0,"defaultChoices":0,"minChoices":0,"maxChoices":1,"nutritionalInfo":null,"numberOfServings":null,"initialProductInformation":{"deposit":{"value":0.15,"type":"exclusive"}}}},{"id":"531","modifier":{"id":"11695713636","name":"Ayran","additionPrice":2,"removePrice":0,"defaultChoices":0,"minChoices":0,"maxChoices":1,"nutritionalInfo":null,"numberOfServings":null}},{"id":"532","modifier":{"id":"11695713676","name":"Cream Soda 33cl","additionPrice":2.85,"removePrice":0,"defaultChoices":0,"minChoices":0,"maxChoices":1,"nutritionalInfo":null,"numberOfServings":null,"initialProductInformation":{"deposit":{"value":0.15,"type":"exclusive"}}}},{"id":"533","modifier":{"id":"11695713596","name":"AA Drink 33cl","additionPrice":2.6,"removePrice":0,"defaultChoices":0,"minChoices":0,"maxChoices":1,"nutritionalInfo":null,"numberOfServings":null,"initialProductInformation":{"deposit":{"value":0.15,"type":"exclusive"}}}},{"id":"534","modifier":{"id":"11695713606","name":"Red Bull Energy Drink 25cl","additionPrice":3,"removePrice":0,"defaultChoices":0,"minChoices":0,"maxChoices":1,"nutritionalInfo":null,"numberOfServings":null,"initialProductInformation":{"deposit":{"value":0.15,"type":"exclusive"}}}},{"id":"535","modifier":{"id":"11695713686","name":"Slammers Energy 25cl","additionPrice":2.35,"removePrice":0,"defaultChoices":0,"minChoices":0,"maxChoices":1,"nutritionalInfo":null,"numberOfServings":null,"initialProductInformation":{"deposit":{"value":0.15,"type":"exclusive"}}}},{"id":"536","modifier":{"id":"923351050","name":"Knoflooksaus en sambal","additionPrice":1,"removePrice":0,"defaultChoices":0,"minChoices":0,"maxChoices":1,"nutritionalInfo":null,"numberOfServings":null}},{"id":"537","modifier":{"id":"923351060","name":"Knoflooksaus","additionPrice":0.5,"removePrice":0,"defaultChoices":0,"minChoices":0,"maxChoices":1,"nutritionalInfo":null,"numberOfServings":null}},{"id":"538","modifier":{"id":"923351070","name":"Sambal","additionPrice":0.5,"removePrice":0,"defaultChoices":0,"minChoices":0,"maxChoices":1,"nutritionalInfo":null,"numberOfServings":null}},{"id":"539","modifier":{"id":"923351080","name":"Andalouse","additionPrice":0.5,"removePrice":0,"defaultChoices":0,"minChoices":0,"maxChoices":1,"nutritionalInfo":null,"numberOfServings":null}},{"id":"540","modifier":{"id":"923351090","name":"Chilisaus","additionPrice":0.5,"removePrice":0,"defaultChoices":0,"minChoices":0,"maxChoices":1,"nutritionalInfo":null,"numberOfServings":null}},{"id":"541","modifier":{"id":"923351100","name":"Mayonaise","additionPrice":0.5,"removePrice":0,"defaultChoices":0,"minChoices":0,"maxChoices":1,"nutritionalInfo":null,"numberOfServings":null}},{"id":"542","modifier":{"id":"923351110","name":"Ketchup","additionPrice":0.5,"removePrice":0,"defaultChoices":0,"minChoices":0,"maxChoices":1,"nutritionalInfo":null,"numberOfServings":null}},{"id":"543","modifier":{"id":"923351120","name":"Currysaus","additionPrice":0.5,"removePrice":0,"defaultChoices":0,"minChoices":0,"maxChoices":1,"nutritionalInfo":null,"numberOfServings":null}},{"id":"544","modifier":{"id":"923362040","name":"Mayonaise en ketchup","additionPrice":0,"removePrice":0,"defaultChoices":0,"minChoices":0,"maxChoices":1,"nutritionalInfo":null,"numberOfServings":null}},{"id":"545","modifier":{"id":"923362050","name":"Mayonaise en curry","additionPrice":0,"removePrice":0,"defaultChoices":0,"minChoices":0,"maxChoices":1,"nutritionalInfo":null,"numberOfServings":null}},{"id":"546","modifier":{"id":"923362090","name":"Ja, met uitjes","additionPrice":0.5,"removePrice":0,"defaultChoices":0,"minChoices":0,"maxChoices":1,"nutritionalInfo":null,"numberOfServings":null}},{"id":"547","modifier":{"id":"923352840","name":"4 stuks","additionPrice":0,"removePrice":0,"defaultChoices":0,"minChoices":0,"maxChoices":1,"nutritionalInfo":null,"numberOfServings":null}},{"id":"548","modifier":{"id":"923352850","name":"8 stuks","additionPrice":4,"removePrice":0,"defaultChoices":0,"minChoices":0,"maxChoices":1,"nutritionalInfo":null,"numberOfServings":null}},{"id":"549","modifier":{"id":"923352860","name":"16 stuks","additionPrice":11,"removePrice":0,"defaultChoices":0,"minChoices":0,"maxChoices":1,"nutritionalInfo":null,"numberOfServings":null}}]},"freeItemModal":{"isOpen":false,"isFreeItemDeclined":false},"fsaBadge":{"isLoading":false,"fsaBadge":{}},"hygieneRating":{"isLoading":false,"isFetchingRequired":true,"hygieneRatingProviderData":{}},"menu":{"menu":{"autoAddedProducts":{},"categories":[],"discounts":[],"items":{},"optionGroups":{},"options":{},"popularProductIds":[]},"isLoading":false,"isOfferFetchFinished":false,"conversationId":"","popularItemsConversationId":""},"menuAdditionalInfo":{"itemFilter":{"isActive":false,"searchTerm":"","filteredMenuItemIds":[],"isLoading":false,"errorOccurred":false},"nutritionInfoModal":{"nutritionInfo":{"additives":[],"allergens":[],"nutrients":null,"isFoodInformationVerifiedByRestaurant":false,"itemId":""},"productInfo":{"additives":[],"allergens":[],"nutrients":"","isFoodInformationVerifiedByRestaurant":"menuItem","itemId":""},"isReportLinkHidden":false,"isInModalHeader":false,"isProductInfoAvailable":true,"productDetails":{}},"itemLevelNotesAdditionModal":{"isItemAdditionClicked":false}},"menuItemChoicesModal":{"menuItemChoicesModal":{"selectedMenuItemId":"","isFromPopularItem":false,"selectedVariantId":"","selectedOptionIds":[],"selectedDealVariationIds":[],"quantity":1,"optionsQuantity":{},"errors":[],"isUnavailableSelectionChosen":false,"isFromCart":false,"variantError":"","customerNotes":"","isItemNotesDeleted":false},"errorToast":{"isOpen":false,"errorMessageKey":null}},"menuSSR":{"menuSSRSuccess":true},"partnerView":{"showItemsView":false,"showCategoryView":false},"quickAdd":{"isQuickAdd":false},"reviews":{"page":0,"isLoadingReviews":false,"isFetched":false,"list":[],"lastReceivedReviewId":""},"shippingInfo":{"isLoaded":false,"isFetchFinished":false,"shippingInfo":{"delivery":{"deliveryFeeRanges":[],"duration":0,"minOrderValue":0,"deliveryAreaId":null},"pickup":{"deliveryFeeRanges":[],"duration":0,"minOrderValue":0,"deliveryAreaId":null},"inDeliveryArea":false,"supports":{"delivery":false,"pickup":false}}},"stampCards":{"list":[],"isStampCardsRestaurant":false,"stampCardSize":0,"discountPercentage":0,"cardListStatus":"FETCH_PENDING","cardStatus":"FETCH_PENDING"},"googleShopping":{"googleShoppingEnabled":false,"selectedGoogleShoppingItem":null,"isLocationPanelModalRequired":true,"isGoogleShoppingLocationValidationRequired":true},"itemSearchRestaurantList":{"restaurants":[],"isLoading":true}},"tracking":{"shippingInfo":{"clickedFields":[],"updatedFields":[],"newlyAddedFields":[]},"cart":{"itemAddedWithQuickAdd":false,"isItemChoicesModalClosedFromCart":false,"crossSellType":"","isPopularItem":false},"shippingTypeChanged":{"context":""}}}},"publicConfig":{"APP_ENV":"production","LOG_LEVEL":"debug","RELEASE_NAME":"app","RELEASE_VERSION":"0.1.13692","FEATURE_SENTRY_ENABLED":"true","SENTRY_DSN_KEY":"https://fdfb6bf0d26e476ca81a568ea5291234@o408587.ingest.sentry.io/5353695","POD_NAME":"app-nl-frontend-84c59fd7f5-wdjjn","DATADOG_CLIENT_TOKEN":"pub1f2f0d4f637ac5e9aa55f250e11031d7","DATADOG_APPLICATION_ID":"cf8edd16-17e7-4737-83fc-505b61e57ce5","DATADOG_SITE":"datadoghq.eu"},"cdnDetails":{"isCdnDetected":true,"isHealthCheck":false,"isCloudflare":true,"isCfWorker":true,"imagesCdnUrl":"https://www.thuisbezorgd.nl/consumer-web/images","filesCdnUrl":"https://assets.takeaway.com/consumer-web/production/files","apiProxyUrl":"","cfRay":"9445207e1206eace-ORD"},"currentHost":"www.thuisbezorgd.nl","session":{"id":"a77af715-cf25-4c51-859a-c2849f1f4eca"},"isOneWeb":true},"hasRenderingError":false,"hasAppLifecycleError":false,"sessionId":"a77af715-cf25-4c51-859a-c2849f1f4eca","fallbackCountryCode":"nl","fallbackLanguageCode":"nl"},"page":"/menu","query":{},"buildId":"7gIeIW5UH9qYzEnfU17gN","assetPrefix":"/consumer-web/app/12","isFallback":false,"dynamicIds":[75602],"appGip":true,"scriptLoader":[]}</script><script>(function(){function c(){var b=a.contentDocument||a.contentWindow.document;if(b){var d=b.createElement('script');d.innerHTML="window.__CF$cv$params={r:'9445207d8b3ceace',t:'MTc0ODAwOTMyNC4wMDAwMDA='};var a=document.createElement('script');a.nonce='';a.src='/cdn-cgi/challenge-platform/scripts/jsd/main.js';document.getElementsByTagName('head')[0].appendChild(a);";b.getElementsByTagName('head')[0].appendChild(d)}}if(document.body){var a=document.createElement('iframe');a.height=1;a.width=1;a.style.position='absolute';a.style.top=0;a.style.left=0;a.style.border='none';a.style.visibility='hidden';document.body.appendChild(a);if('loading'!==document.readyState)c();else if(window.addEventListener)document.addEventListener('DOMContentLoaded',c);else{var e=document.onreadystatechange||function(){};document.onreadystatechange=function(b){e(b);'loading'!==document.readyState&&(document.onreadystatechange=e,c())}}}})();</script><iframe height="1" width="1" style="position: absolute; top: 0px; left: 0px; border: none; visibility: hidden;"></iframe><next-route-announcer><p aria-live="assertive" id="__next-route-announcer__" role="alert" style="border: 0px; clip: rect(0px, 0px, 0px, 0px); height: 1px; margin: -1px; overflow: hidden; padding: 0px; position: absolute; top: 0px; width: 1px; white-space: nowrap; overflow-wrap: normal;"></p></next-route-announcer><script src="/consumer-web/root-static/sp.eu.prd.js?version=3" async=""></script><script src="/consumer-web/root-static/lightningjs.js?version=1" async=""></script><div class="modal-wrapper"></div><div class="modal-wrapper"></div><div class="modal-wrapper"></div><div class="modal-wrapper"></div><div class="modal-wrapper"></div><div class="modal-wrapper"></div><div class="modal-wrapper"></div><div class="modal-wrapper"></div><div class="modal-wrapper"></div><div class="modal-wrapper"></div><div class="modal-wrapper"></div><div class="modal-wrapper"></div><div class="modal-wrapper"></div><div class="modal-wrapper"></div><div class="modal-wrapper"></div><div class="modal-wrapper"></div><div class="modal-wrapper"></div><div class="modal-wrapper"></div><div class="modal-wrapper"></div><script src="https://www.googletagmanager.com/gtm.js?id=GTM-P99JD2K5" async=""></script><div class="usabilla_live_button_container" id="usabilla_live_button_container_556375035" role="button" tabindex="0" aria-label="Usabilla Feedback Button"><style type="text/css" nonce="302af10c4aeb">div.usabilla_live_button_container#usabilla_live_button_container_556375035[role="button"] {height:102px;position:fixed;z-index:999;right:0;top:50%;margin-top:-51px;width:36px}</style><iframe src="" frameborder="0" marginwidth="0" marginheight="0" scrolling="no" data-tags="right" title="Usabilla Feedback Button" class="usabilla-live-button" id="usabilla_live_button_container_iframe117817944"></iframe></div><div class="usabilla_live_button_container" id="usabilla_live_button_container_888397466" role="button" tabindex="0" aria-label="Usabilla Feedback Button"><style type="text/css" nonce="1a5115c9e7f9">div.usabilla_live_button_container#usabilla_live_button_container_888397466[role="button"] {left:0px;top:50%;margin-top:-0px;position:fixed;width:0px;height:0px;z-index:99999990}</style><iframe src="" frameborder="0" marginwidth="0" marginheight="0" scrolling="no" data-tags="left" title="Usabilla Feedback Button" class="usabilla-live-button" id="usabilla_live_button_container_iframe985557491"></iframe></div></body></html>